3110 5026
253 649 465 741 a..n.135,6.]
508 673 552 721 nu
572 673 699 722 nnana
719 673 766 722 nu
786 673 1027 723 swinsnonn.
1131 653 1205 724 255

250 801 395 892 virtutis
421 801 587 876 militaris
613 798 859 876 antecedentis
886 803 1090 900 periculum
1116 792 1209 876 sol'et

251 919 463 1006 conducere,
501 921 590 993 dum
628 944 730 993 mora
768 920 875 993 docet
908 920 1031 1008 hostes
1067 944 1207 1005 cavere,

221 1094 222 1097 ,
252 1060 363 1108 novas
387 1037 672 1108 machinationes
698 1038 901 1132 providere,
920 1048 960 1110 et
982 1040 1208 1112 incremento

251 1153 423 1248 potentiae
441 1175 506 1225 seu
528 1152 626 1224 foeda
645 1153 731 1248 fuga
752 1153 827 1226 suis
849 1155 1049 1241 consulere,
1068 1157 1210 1228 amicis-

253 1293 324 1365 que
359 1270 494 1365 paratis
528 1270 669 1366 egregie
703 1269 821 1342 facere
855 1279 1020 1366 tempore
1050 1271 1211 1367 frigescit

153 1479 157 1484 ἱ
254 1386 360 1458 ardor
394 1386 569 1483 pristinus
599 1386 799 1482 praeliandi.
852 1385 971 1482 Igitur
1004 1387 1049 1459 de
1084 1396 1212 1460 caetero

254 1528 358 1576 mora
384 1502 598 1599 spernenda,
627 1503 821 1599 cujuslibet
850 1503 993 1576 animus
1020 1514 1104 1577 actu
1129 1529 1214 1599 pro-

255 1621 319 1694 dat
343 1621 507 1693 innatam
533 1644 598 1693 seu
624 1621 787 1693 moribus
813 1620 1002 1717 praeditam
1027 1621 1214 1717 magnani-

255 1736 432 1823 mitatem,
468 1760 648 1831 nusquam
682 1735 769 1831 fuga
802 1761 870 1809 nos
904 1737 1038 1833 poterit
1073 1746 1214 1824 tutare;

255 1853 367 1927 libera
389 1852 449 1926 via
471 1852 566 1926 ferro
590 1853 770 1949 captanda
793 1863 860 1940 est,
884 1862 920 1926 et
943 1853 1106 1927 hostium
1130 1877 1213 1926 san-

256 1972 365 2067 guine
382 1971 554 2066 durisque
571 1970 754 2045 laboribus
772 1972 1036 2067 comparanda3
1062 1995 1147 2044 nam
1161 1979 1215 2044 ta-

256 2088 350 2162 libus
377 2087 482 2160 donis
508 2089 707 2183 promereri
730 2089 832 2185 cupit
858 2113 1032 2186 prospera
1054 2089 1213 2162 fortuna,

258 2203 396 2278 Contra
421 2227 516 2298 saepe
541 2204 659 2276 victos
686 2228 707 2275 a
731 2205 835 2276 vobis
861 2207 1060 2300 pugnaturi
1087 2205 1217 2278 memi-

258 2321 384 2394 neritis
411 2342 478 2392 vos
507 2319 664 2403 divitias
693 2318 815 2405 decus,
848 2319 1000 2414 gloriam
1030 2329 1067 2391 et
1097 2323 1217 2393 omnis

257 2435 413 2512 virtuosi
446 2433 571 2507 militis
607 2432 816 2521 amicitiam,
853 2442 890 2506 et
925 2436 1218 2531 perpetuandum

260 2555 399 2628 celebre
444 2575 581 2626 nomen
622 2551 661 2623 in
703 2550 839 2624 dextris
882 2551 1013 2624 vestris
1059 2561 1216 2647 portare.

260 2670 438 2744 Praeterea
477 2669 576 2764 quod
610 2671 740 2764 ¹pacem
780 2666 966 2763 vitamque
1010 2668 1216 2763 gloriosam,

261 2810 373 2881 quarn
395 2809 481 2857 cum
504 2782 626 2856 liberis
650 2792 687 2854 et
706 2781 882 2855 uxoribus
900 2781 1001 2854 senio
1017 2781 1111 2854 felici
1131 2804 1218 2855 con-

262 2901 448 2997 cupiscitis
483 2899 627 2986 habere,
662 2922 738 2971 non
767 2898 838 2971 nisi
867 2899 1023 2972 victores
1052 2899 1220 2995 poteritis
1328 2965 1332 2971 .

261 3019 357 3091 bello
393 3026 629 3090 commutare.
700 3017 914 3090 Considera
945 3017 1043 3113 quod
1086 3018 1217 3106 solum,

262 3161 335 3232 quo
362 3135 560 3233 pugnaturi
587 3157 726 3220 sumus,
756 3134 933 3229 antiquati
957 3133 1049 3228 juris
1077 3133 1219 3238 heredi-

262 3253 345 3326 tarii
369 3250 609 3343 munimento,
638 3250 929 3348 progenitoribus
957 3249 1047 3324 meis
1074 3251 1220 3348 regibus

262 3367 404 3464 Angliae
433 3371 649 3466 pertinebat,
679 3369 789 3441 etiam
817 3367 921 3440 nobis
948 3353 1129 3463 pertinere
1157 3369 1219 3442 de-

262 3487 374 3572 beret,
394 3488 492 3581 quod
515 3511 600 3560 curn
620 3485 763 3581 justitia
785 3491 946 3580 paternae
969 3508 1086 3559 causae
1104 3496 1220 3581 ‘quam

263 3601 392 3687 nostis,
426 3610 463 3674 et
505 3601 772 3674 necessitudine
814 3610 981 3688 mortem,
1026 3625 1219 3688 carcerem,
1278 3585 1281 3591 ¹

266 3716 434 3803 dedecus,
453 3725 490 3789 et
514 3725 767 3814 paupertatem
793 3717 988 3804 devitandi,
1010 3727 1048 3791 et
1072 3719 1221 3815 insuper

266 3840 385 3906 vestra
411 3825 529 3905 virtus
556 3842 700 3906 assueta
727 3857 813 3905 cum
841 3833 981 3928 paucis·
995 3836 1131 3907 multos
1156 3856 1220 3906 su-

266 3974 402 4046 perare.
444 3941 602 4023 ¹Durum
637 3972 782 4050 quoque
816 3948 958 4048 Martis?
978 3950 1110 4044 jugum
1143 3948 1221 4022 sine

267 4066 404 4140 deliciis
427 4063 592 4164 ¹jucunde
623 4061 789 4156 tractare,
819 4076 946 4140 contra
971 4065 1057 4138 licet
1086 4053 1222 4138 multos

268 4189 391 4256 tamen
420 4184 592 4259 delicatos
622 4185 791 4272 Francos,
822 4206 993 4279 magnam
1022 4204 1125 4278 spem
1157 4183 1222 4256 tri-

268 4291 471 4398 umphandi
498 4303 588 4376 mihi
615 4302 712 4377 facto
739 4311 777 4374 et
803 4300 842 4373 in
868 4300 972 4373 vobis
1000 4300 1222 4374 rationaliter
