3120 5008
382 636 452 708 116
551 693 554 700 .
635 659 862 708 cnnonrcon
883 659 1068 709 crarium
1111 639 1207 730 [no.
1225 640 1332 714 1332.

378 786 538 883 quinque
555 786 718 874 comites,
738 795 774 860 et
797 787 857 859 alii
878 787 987 860 multi
1010 783 1192 862 interfecti
1211 791 1248 863 e't
1268 815 1334 886 op-

377 903 493 1000 pressi
503 903 662 976 fuerunt.
696 903 741 975 In
753 904 912 977 crastino
923 904 1070 1000 Anglici
1079 904 1204 978 villam
1217 908 1334 980 sancti

293 1005 295 1010 ’
377 1019 402 1092 J
404 1021 543 1107 oannis,
557 1021 776 1094 victualibus
793 1020 975 1107 refertam,
991 1030 1027 1093 et
1043 1023 1135 1095 bene
1153 1023 1334 1096 munitam

376 1146 563 1235 ceperunt,
585 1147 621 1211 et
647 1138 717 1211 hoc
743 1162 818 1210 non
843 1138 1004 1210 humana
1029 1139 1093 1211 sed
1116 1139 1238 1213 divina
1260 1141 1333 1212 vir-

372 1255 478 1343 'tute3
517 1256 587 1354 ipsi
604 1253 750 1353 Anglici
775 1265 865 1330 tunc
889 1266 1086 1352 prasentes
1112 1255 1251 1330 sactum
1276 1281 1331 1330 re-

378 1375 553 1447 tulerunt.

425 1489 509 1564 Hoc
527 1514 623 1563 anno
640 1490 934 1587 archiepiscopus
950 1487 1226 1564 Cantuariensis
1243 1490 1329 1563 visi-

378 1616 459 1678 tans
497 1605 660 1678 diocesin
700 1604 997 1694 Bathoniensem‚
1036 1606 1155 1679 tenuit
1200 1606 1332 1681 Natale

377 1722 475 1820 apud
506 1720 799 1810 Wiveliscorirbe,
835 1747 918 1819 rege
952 1724 1050 1820 apud
1083 1723 1256 1798 Welliam
1289 1734 1332 1798 ut

334 1826 518 1913 ''dictum
551 1837 606 1912 est'
640 1849 904 1913 commanente.
965 1838 1159 1915 Mandavit
1193 1841 1332 1915 archie-

377 1957 550 2053 piscopus
568 1979 606 2028 se
623 1953 719 2028 velle'
732 1956 978 2030 visitationem
996 1981 1100 2031 suam
1122 1958 1161 2030 in
1182 1959 1333 2034 ecclesia

377 2073 576 2146 Exoniensi
609 2073 791 2161 inchoare,
827 2073 885 2146 die
917 2075 1013 2148 lunae
1046 2076 1214 2172 proximo
1248 2084 1332 2173 post

377 2191 512 2265 festum
546 2190 779 2265 Ascensionis
812 2190 974 2280 Domini,
1006 2193 1104 2288 quod
1137 2217 1184 2266 ne
1217 2193 1330 2281 fieret,

377 2308 570 2406 episeopus
596 2306 811 2380 Exoniensis
836 2308 1044 2404 appellavit,
1072 2309 1136 2382 sed
1161 2309 1231 2383 hoe
1256 2329 1332 2383 non

361 2415 362 2426 ¹
376 2428 555 2515 obstante,
569 2426 667 2500 dicto
685 2426 742 2500 die
754 2428 851 2500 lunae
869 2426 1023 2499 accessit
1037 2426 1331 2524 archiepiscopus

377 2543 424 2617 ad
441 2544 626 2617 civitatem
648 2542 810 2631 Exoniae‚
829 2566 905 2616 non
921 2542 1120 2639 permissus
1144 2545 1331 2618 ecclesiam

377 2668 538 2740 clausam
568 2666 702 2739 intrare
737 2689 811 2762 prae
841 2661 1074 2737 multitudine
1108 2674 1331 2737 armatorum

376 2785 577 2858 resistente.

432 2904 572 2994 [Primo
609 2901 741 2973 obsidio
772 2899 952 2984 Herculei,
988 2908 1139 2993 tempore
1160 2899 1331 2972 Edwardl

379 3020 504 3110 tertii]
561 3019 670 3090 Anno
704 3015 855 3090 Domini
889 3015 998 3102 1332,
1034 3017 1128 3112 regis
1162 3041 1259 3089 anno
1294 3015 1328 3103 6,

375 3134 589 3208 continuata
618 3158 748 3229 guerra
777 3132 934 3220 Scotim,
958 3156 1054 3204 anno
1081 3133 1249 3229 proximo
1275 3133 1355 3206 in-·

376 3251 518 3339 choata,
540 3251 648 3322 multi
673 3247 812 3323 nobiles
836 3249 993 3346 Anglici,
1018 3259 1055 3323 et
1074 3249 1144 3324 viri
1168 3250 1331 3324 bellicosi

374 3369 422 3441 ad
449 3366 629 3464 stipendia
656 3363 795 3440 domini
822 3366 990 3440 Edwardi
1024 3366 1143 3441 Baliol
1177 3378 1214 3440 et
1249 3392 1331 3440 suo·

376 3493 460 3558 'rum
487 3484 723 3580 complicium
752 3484 908 3572 invitati,
940 3485 1036 3557 circa
1063 3485 1199 3558 festum
1225 3484 1330 3558 Nati-

375 3602 500 3675 vitatis
528 3603 645 3675 sancti
670 3601 824 3675 Joarmis
854 3600 1031 3698 Baptistae
1059 3600 1222 3676 Scotiam
1247 3625 1330 3698 pro-

377 3718 474 3806 fecti,
504 3728 540 3792 et
567 3729 699 3817 practer
722 3743 785 3793 eos
815 3713 922 3791 multi
945 3718 1063 3792 laudis
1083 3717 1183 3792 avidi
1208 3743 1331 3815 sump-

376 3835 473 3908 tibus
500 3837 656 3932 propriis
684 3847 721 3908 et
752 3837 804 3908 eis
832 3829 1011 3922 associati,
1038 3837 1163 3908 villam
1190 3845 1226 3909 et
1253 3855 1331 3908 'cas-

375 3965 474 4030 trum
505 3955 549 4027 de
584 3954 781 4051 Berewyke
809 3954 1032 4027 obsiderunt.
1096 3953 1176 4026 Rex
1209 3962 1332 4026 autem

376 4073 516 4170 Angliae
533 4072 765 4145 considerans
787 4072 906 4169 multa
922 4070 1101 4166 vituperia
1117 4071 1186 4143 sibi
1203 4080 1238 4143 et
1256 4069 1331 4143 suis

329 4191 333 4200 '
373 4190 660 4264 antecessoribus
678 4213 743 4285 per
755 4187 884 4261 Scotos
901 4188 1015 4274 illata,
1030 4189 1169 4283 justam
1187 4209 1331 4283 quoque

371 4329 520 4392 causam
541 4303 678 4377 domini
704 4302 871 4376 Edwardi
891 4301 934 4373 de
953 4300 1072 4373 Baliol
1089 4300 1184 4397 regis
1203 4299 1330 4373 Scoto-
