3110 5026
228 671 302 720 33.
315 647 438 740 1352]
478 673 522 720 3-3
543 673 670 720 narra
690 673 737 720 nn
757 628 1023 720 swrnnnorrn.x
1108 648 1180 722 219

226 796 387 869 Franciae
412 797 633 894 principalis,
662 798 754 870 item
775 798 915 870 domini
941 797 985 869 (13
1010 795 1179 882 Quintin,

226 914 270 986 de
289 914 516 1002 Curtunoke,
535 915 580 986 de
601 914 832 1002 Richemont‚
856 915 901 986 de
926 913 1180 999 Mountalban,

227 1029 270 1101 de
300 1028 466 1126 Lagenel
498 1031 543 1102 de
573 1029 735 1126 Launey,
767 1030 811 1102 de
842 1029 1105 1115 Mountboche,
1137 1029 1183 1102 de

225 1145 460 1232 Vilechastel‚
487 1146 531 1218 de
556 1147 592 1218 la
617 1144 782 1232 Malcho,
807 1152 843 1218 et
869 1145 930 1218 alii
956 1145 1088 1217 milites
1114 1168 1182 1216 nu-

226 1287 327 1335 mero
351 1262 772 1358 centumquadraginta,
798 1271 906 1357 atque
929 1260 1112 1352 domicelli
1138 1261 1184 1333 ad

227 1403 408 1452 summam
437 1378 731 1474 quingentorum,
758 1403 915 1474 quorum
944 1390 1037 1473 togae
1066 1401 1183 1450 arma-

227 1505 318 1569 turae
347 1495 495 1568 fuerunt
523 1504 729 1591 reportatae,
764 1519 917 1568 numero
951 1495 1184 1592 popularium

226 1635 312 1685 non.
336 1621 472 1686 taxato.
525 1612 665 1685 Ibidem
699 1613 798 1708 capti
830 1612 980 1685 fuerunt
1014 1611 1183 1684 dominus

227 1730 273 1802 de
299 1720 520 1818 Brusebeke,
544 1729 641 1802 filius
667 1729 868 1802 marescalli
891 1729 1071 1816 Bertram,
1096 1728 1185 1802 item

226 1846 405 1920 Tristram
432 1847 476 1919 de
503 1846 646 1934 Malaia,
675 1847 766 1920 item
796 1847 964 1920 dominus
995 1847 1040 1918 de
1067 1845 1184 1918 Male-

228 1974 311 2051 tret3
342 1965 431 2038 item
459 1954 663 2038 vicecomes
693 1966 738 2038 de
769 1963 947 2062 Comayn,
978 1963 1067 2036 item
1097 1961 1184 2035 Gal-

227 2081 342 2174 sridus
366 2082 411 2154 de
435 2081 592 2170 Goanes,
611 2081 820 2168 Willelmus
848 2083 892 2155 de
918 2078 1184 2169 1311310310-

228 2199 285 2271 lus
308 2197 530 2285 D’Archefil‚
549 2199 710 2270 Joannes
735 2199 779 2271 de
803 2197 922 2271 Bause
945 2206 983 2269 et
1006 2197 1067 2269 alii
1089 2197 1183 2270 mili-

228 2324 283 2388 tes
311 2340 396 2389 cum
424 2314 621 2402 damicellis
649 2314 806 2409 amplius
834 2337 944 2408 quam
972 2322 1119 2385 centurn
1149 2323 1186 2385 et

229 2431 391 2526 triginta.
445 2429 520 2503 Istc
554 2429 777 2503 Francorum
811 2429 991 2502 exercitus
1016 2429 1088 2503 sub
1118 2429 1185 2500 du-

229 2556 316 2620 catu
337 2546 500 2643 praedicti
522 2547 724 2620 marescalli
745 2571 792 2623 ex
814 2546 1002 2643 proposito
1025 2545 1186 2655 ductoris

228 2664 347 2737 fuerat
374 2688 396 2736 3
423 2672 524 2760 tergo
554 2665 696 2738 declivo
728 2665 918 2759 cujusdam
949 2663 1084 2736 montis
1109 2664 1185 2734 val-

229 2783 340 2868 13133,
368 2782 467 2876 quod
497 2806 571 2854 non
605 2790 748 2878 poterat
782 2780 907 2877 fugam
942 2780 1032 2852 inire
1066 2787 1109 2852 ut
1141 2804 1186 2852 ex

229 2897 325 2994 fugae
352 2899 601 2995 desperatione
628 2908 804 2972 cresceret
834 2898 886 2971 eis
916 2896 1066 2970 audacia
1091 2920 1184 2992 pug-

231 3014 353 3102 nandi,
390 3015 485 3088 sicut
518 3016 610 3088 solet
643 3013 827 3087 animosis.
880 3012 1044 3086 Fuerunt
1076 3011 1187 3084 etiam

231 3131 366 3206 ibidem
387 3134 509 3228 plures
531 3132 577 3204 de
598 3130 770 3205 comitiva
793 3130 951 3203 militum
972 3127 1104 3215 Stellae,
1123 3128 1187 3224 qui

231 3249 270 3324 in
304 3274 370 3323 sua
398 3249 621 3346 professione
654 3249 893 3343 conjurarunt
926 3271 965 3320 33
998 3270 1187 3344 nunquam

232 3364 386 3460 Anglico
413 3374 514 3462 terga
540 3366 665 3441 territa
690 3387 871 3453 versuros¹
899 3365 944 3437 de
971 3365 1102 3460 quibus
1130 3366 1186 3437 fu-

232 3491 341 3554 erunt
369 3480 463 3554 inter
494 3491 621 3577 captos
652 3490 689 3553 31
719 3480 859 3554 0331303
888 3480 1070 3553 numerati
1098 3503 1185 3575 qua-

232 3597 398 3692 draginta
428 3596 598 3693 quinque.
650 3597 708 3670 Ab
742 3598 805 3670 illo
840 3597 1045 3670 discrimine
1078 3595 1187 3694 pauci

232 3738 308 3786 303
335 3713 513 3787 vulnerati
540 3721 744 3798 evaserunt,
771 3713 810 3784 in
835 3737 908 3808 quo
936 3703 1099 3808 ipsorum
1127 3736 1186 3785 ca·

232 3831 400 3927 pitaneus
417 3828 603 3903 Walterus
630 3828 850 3903 horribiliter
874 3829 1085 3902 vulneratus
1109 3827 1186 3922 jus-

230 3949 281 4045 sit
303 3948 452 4045 triginta
474 3947 679 4044 sagittarios
703 3946 913 4043 decapitari,
932 3945 996 4041 qui
1021 3945 1059 4016 in
1085 3966 1186 4014 max-

234 4064 308 4136 imo
329 4064 415 4138 belli
438 4064 577 4138 fervore
601 4064 717 4140 territi
741 4087 762 4136 a
787 4062 1012 4136 Gallicorum
1037 4061 1187 4132 immen·
1295 4059 1305 4064 ’

235 4180 341 4251 311313
364 4179 488 4276 fugam
509 4181 679 4253 inierunt.
733 4180 827 4254 Item
844 4203 966 4253 comes
985 4178 1186 4252 Staffordiae

236 4293 455 4370 Gasconiam
496 4297 657 4385 intravit,
692 4297 755 4370 ubi
798 4297 927 4370 obvius
962 4294 1187 4369 Gallicorum
