3136 5016
372 653 419 726 86
544 717 546 722 .
624 674 1057 724 onnomconaanrnrnr
1115 655 1326 745 [antara

369 825 439 897 pro
466 800 595 874 ovibus
626 799 715 874 suis:
766 799 940 872 Finaliter
969 801 1015 873 ad
1042 809 1203 874 castrum
1234 803 1328 898 regis

370 906 603 1002 inclusivum,
622 914 770 990 nuntios
788 925 937 989 caeteros
955 916 1107 994 adduxit
1128 918 1189 989 ille
1211 918 1328 991 insan-

372 1033 441 1106 dus
467 1031 696 1106 imbassiator
721 1030 842 1105 Adam
866 1031 1061 1105 Torletone
1084 1032 1327 1110 Hereforden-

369 1148 432 1236 sis,
452 1171 544 1245 quos
561 1149 600 1220 in
618 1149 712 1244 regis
730 1173 874 1224 camera
891 1150 1092 1228 secundum
1110 1175 1194 1224 suas
1212 1152 1327 1246 digni-

372 1274 464 1338 tates
482 1265 642 1338 ordiniee
659 1265 863 1337 collocavit.
907 1264 942 1336 A
958 1264 1083 1336 multis
1100 1265 1325 1361 temporibus

371 1382 539 1454 affectata
563 1379 733 1454 exomni
758 1381 996 1476 promissione
1022 1381 1090 1453 sibi
1116 1381 1188 1477 ipsi
1214 1405 1328 1455 reser-

371 1521 473 1584 vanS,
489 1497 638 1570 tandem
659 1497 759 1592 regia
780 1498 950 1592 majestas
971 1507 1095 1592 togam
1112 1497 1255 1592 nigram
1270 1497 1326 1568 in·
1451 1567 1453 1574 ,

373 1615 472 1699 duta,
509 1614 553 1686 de
589 1613 773 1686 secretiori
807 1637 951 1685 camera
984 1613 1219 1709 progrediens
1254 1613 1328 1685 suis

374 1729 487 1802 servis
521 1753 560 1802 se
594 1737 859 1824 representare,
888 1729 1057 1803 conscius
1091 1729 1228 1825 negotii
1262 1753 1328 1825 pro

374 1870 447 1940 quo
476 1853 661 1931 venerant,
695 1853 771 1941 p'rae
806 1846 930 1918 dolore
963 1845 1085 1922 subito
1119 1846 1177 1918 sui
1209 1845 1329 1941 impos

372 1962 525 2034 effectus
551 1961 688 2034 eorruit
714 1986 907 2058 expansus,
927 1964 987 2036 oui
1013 1971 1245 2036 accurrentes
1267 1986 1327 2035 co·

375 2101 453 2150 mea
486 2076 691 2155 Leioestriae
725 2087 763 2150 et
796 2079 991 2175 episeopus
1020 2077 1231 2164 Wintonioe,
1266 2077 1329 2149 vix

375 2218 496 2290 regem
515 2193 730 2266 semivivum
748 2203 953 2282 erexerunt,
972 2219 1081 2290 quem
1104 2196 1150 2268 ad
1172 2203 1329 2266 mentem

374 2319 412 2382 et
429 2310 524 2382 vires
542 2308 714 2406 pristinas
728 2319 928 2407 utcumque
946 2319 1158 2383 revocatum
1171 2311 1329 2405 alloque-

372 2427 482 2498 batur
503 2426 625 2498 Adam
647 2426 950 2513 Herefordiensis,
969 2450 1158 2523 exponens
1181 2449 1329 2499 eausam

375 2543 553 2616 adventus
596 2543 810 2616 nuntiorum
849 2543 941 2616 mira
982 2541 1219 2639 impudentia,
1256 2565 1329 2614 non

376 2659 550 2732 contusus
576 2659 672 2754 regis
699 2659 862 2731 animum
888 2666 1092 2743 attrectare,
1113 2655 1173 2730 cui
1199 2680 1238 2728 se
1262 2680 1329 2751 pu·

377 2774 468 2848 tavit
500 2799 576 2871 prae
610 2775 749 2849 caeteris
784 2775 1000 2847 mortalibus
1028 2796 1181 2847 exosum
1206 2771 1328 2845 firisse.

378 2891 524 2986 Adjecit
558 2891 633 2964 suis
667 2891 774 2964 dictis
808 2891 868 2963 ille
903 2889 1205 2976 Herefordiensis,
1234 2887 1331 2984 quod

377 3015 565 3102 oporteret
590 3029 712 3100 regem
740 3006 841 3100 regni
868 3005 1033 3082 diadema
1059 3029 1128 3077 suo
1153 3005 1331 3100 primoge-

377 3121 456 3194 nito
484 3121 677 3214 resignare,
707 3130 771 3194 aut
800 3129 884 3216 post
914 3121 971 3192 sui
999 3120 1191 3216 mpudium
1218 3120 1331 3194 invite

377 3236 465 3332 pati,
501 3234 600 3330 quod
631 3235 805 3329 eligerent
837 3235 876 3306 in
911 3258 1032 3329 regem
1066 3257 1331 3331 quemeumque

377 3351 497 3422 visum
527 3348 615 3445 ipsis
649 3347 826 3444 aptiorem
855 3373 922 3446 pro
952 3348 1054 3443 regni
1083 3349 1208 3421 tutela.
1260 3349 1331 3423 His

373 3466 521 3551 auditis,
552 3488 617 3536 rex
647 3489 734 3536 cum
765 3465 855 3538 fletu
888 3476 925 3539 et
959 3465 1097 3560 ejulatu
1131 3466 1330 3568 respondit,

380 3582 479 3677 quod
498 3581 654 3654 multum
678 3581 795 3658 doluit
817 3607 884 3679 pro
908 3606 951 3654 eo
975 3583 1073 3678 quod
1095 3583 1255 3678 populus
1275 3582 1331 3655 sui

379 3699 481 3793 regni
510 3699 630 3773 taliter
657 3712 890 3795 exasperatus
919 3698 1013 3776 foret
1042 3708 1169 3773 contra
1198 3699 1330 3794 ipsum,

372 3816 479 3910 quod
496 3838 600 3892 suam
617 3815 903 3889 dominationem
926 3815 1151 3901 fastidirent3
1177 3813 1334 3888 finaliter

382 3955 526 4027 quoque
547 3929 737 4024 subjunxit
763 3955 830 4005 suo
859 3931 1085 4027 beneplacito
1115 3931 1220 4006 valde
1247 3953 1333 4003 eon-

381 4049 533 4134 venisse‚
553 4045 651 4143 quod
668 4045 806 4156 scilicet
822 4047 919 4120 filius
936 4071 1025 4121 suus
1041 4048 1179 4143 populo
1196 4046 1248 4120 sie
1264 4045 1334 4119 suit

382 4173 602 4262 acoemetus,
621 4170 663 4235 ut
689 4161 809 4257 ipsum
832 4164 870 4235 in
893 4189 1015 4260 regem
1038 4164 1248 4236 affectarent
1271 4162 1333 4236 ha-

310 4297 315 4308 ·
383 4283 477 4354 bere.
541 4281 586 4354 In
615 4279 772 4354 crastino
802 4281 911 4353 iidem
946 4280 1065 4353 nuntii
1099 4279 1266 4374 homagia
1299 4287 1336 4351 et
