3120 5008
263 613 474 709 r.n.l334.,]
515 637 566 688 'nr
586 637 713 688 srnnn
732 637 781 688 nr
801 638 1042 688 swrnarorrn.
1141 619 1214 690 125

260 771 381 842 natale
413 770 511 867 apud
544 768 845 865 Rokesborou'gh.
884 767 984 843 'Cito
1013 779 1100 866 post
1126 767 1214 867 Epi-

255 888 432 983 phaniam
455 897 630 984 tyrannus
656 886 880 960 Francorum
906 886 1008 960 misit
1034 887 1111 985 regi
1134 888 1212 960 An'-

259 1006 338 1101 gliae
368 1029 454 1080 suos
484 1005 644 1091 nuntios
673 1004 810 1077 scilicet
839 1005 1052 1101 episcopum
1079 1003 1211 1078 Abrin-

256 1147 417 1209 censem,
437 1130 473 1193 et
496 1121 691 1216 quemdam
716 1121 890 1218 baronem
917 1146 983 1217 pro
1009 1146 1098 1218 pace
1122 1120 1210 1196 Sco-

258 1247 396 1324 torum,
416 1232 479 1332 qui
503 1260 619 1332 usque
645 1237 691 1308 ad
717 1235 814 1308 diem
837 1237 935 1310 lunae
959 1237 1087 1311 mediae
1109 1237 1210 1322 Qua·
1343 1273 1347 1280 ·

259 1354 473 1449 dragesimae
507 1352 545 1424 in
579 1352 713 1448 Anglia
748 1361 1009 1449 expectamnt;
1053 1361 1091 1426 et
1123 1364 1211 1427 tunc

258 1473 359 1568 apud
392 1453 638 1566 Nottingham
680 1487 863 1542 concessae
897 1455 1045 1542 fuerunt
1078 1478 1211 1567 treugae

257 1613 373 1686 usque
413 1588 460 1660 ad
496 1587 630 1661 festum
665 1586 783 1659 sancti
815 1585 969 1660 Joannis
1001 1588 1213 1685 proximum

251 1716 346 1780 tunc
369 1705 547 1792 futurum,
566 1713 609 1777 ut
634 1703 781 1777 interim
803 1701 907 1776 fieret
931 1704 1211 1800 parliamentum

256 1844 367 1917 ‘super
383 1819 502 1893 causis
519 1818 752 1913 tangentibus
770 1841 899 1914 pacem
920 1826 956 1890 et
979 1826 1117 1891 statum
1133 1843 1213 1916 reg-

259 1961 401 2023 norum,
433 1936 472 2008 in
502 1960 575 2032 quo
604 1935 844 2031 parliamento
874 1934 975 2032 apud
1003 1933 1211 2010 Eboracum

257 2054 447 2140 celebrate,
465 2051 585 2125 extitit
608 2051 829 2140 ordinatum,
848 2052 946 2147 quod
963 2076 1026 2125 rex
1044 2077 1129 2126 cum
1146 2077 1209 2126 ex-

258 2170 372 2243 ercitu
392 2168 553 2242 Scotiam
569 2168 667 2240 ultra
683 2187 784 2241 mare
802 2167 988 2240 Scoticum
1006 2171 1209 2267 transequi-

254 2295 362 2374 taret,
381 2286 478 2382 quod
504 2285 579 2358 cito
603 2293 732 2380 postea
757 2282 828 2354 fuit
853 2283 1002 2372 sactum,
1021 2287 1084 2358 sed
1108 2285 1210 2360 Scoti

250 2412 459 2499 :campestre
474 2402 613 2474 bellum
630 2400 795 2472 nolentes
809 2409 1012 2494 expectare,
1025 2401 1210 2476 finxerunt

257 2543 298 2591 se
319 2519 412 2590 velle
434 2541 563 2613 pacem
586 2515 728 2601 habere,
752 2516 798 2587 ad
821 2539 931 2611 quam
956 2516 1053 2589 circa
1075 2516 1210 2591 festum

249 2636 375 2709 sancti
390 2633 583 2707 Michaelis
606 2623 713 2706 multi
730 2642 920 2720 venerunt,
940 2634 1004 2707 sed
1027 2635 1209 2732 praecipue

256 2775 378 2849 comes
420 2750 605 2837 Dasceles‚
641 2748 729 2856 aliis
771 2773 901 2845 pacem
943 2751 1208 2846 spernentibus.

249 2869 366 2941 -Unde
393 2878 521 2964 postea
548 2890 670 2939 comes
701 2865 745 2938 de
774 2861 921 2938 Morres
944 2867 1042 2962 apud
1067 2865 1208 2940 Edene-

254 2985 374 3080 burgh
401 2983 468 3057 fuit
490 2991 621 3079 captus
648 2991 684 3054 et
709 2981 749 3052 in
765 2981 899 3077 Anglia
916 2983 1050 3055 carceri
1070 2983 1207 3058 manci-

254 3110 374 3198 patus,
394 3107 431 3172 et
452 3099 621 3172 dominus
639 3098 816 3198 Ricardus
833 3097 965 3172 Talbot
979 3124 1046 3196 pro
1064 3100 1206 3177 duobus

255 3219 414 3291 millibus
445 3227 480 3290 et
512 3215 718 3314 quingentis
748 3241 953 3290 marcarum
982 3218 1203 3317 redemptus

256 3333 387 3408 Comes
413 3359 500 3407 vero
527 3333 711 3422 Dasceles,
739 3317 865 3407 volens
893 3335 1207 3433 ostenderequod

255 3454 332 3548 ipse
354 3452 530 3525 veraciter
550 3452 668 3525 suerat
692 3471 902 3538 conversus
921 3452 1097 3548 equitavit
1119 3477 1205 3526 con-

256 3580 313 3644 tra
330 3568 458 3644 Scotos
481 3571 528 3642 ad
551 3569 777 3642 obsidionem
799 3569 908 3641 unius
926 3571 1047 3656 castri,
1066 3579 1205 3644 etcum

254 3687 381 3784 paucis
407 3687 571 3783 equitans
596 3686 726 3759 incidit
751 3685 791 3757 in
814 3685 939 3758 hostes
960 3688 1205 3784 quamplures,

253 3805 385 3900 quibus
419 3804 546 3876 nolens
576 3825 615 3876 se
644 3802 793 3874 reddere
822 3802 885 3875 sed
914 3802 1090 3892 resistcre,
1120 3829 1206 3877 cum

258 3923 303 3992 13
330 3919 520 4018 tyronibus
547 3930 603 3992 est
629 3919 783 4006 occisae,
815 3929 899 4015 post
927 3918 1062 3994 festum
1089 3917 1205 3992 sancti

254 4035 457 4109 Michaelis.
522 4035 601 4109 Rex
628 4046 752 4110 autem
781 4060 923 4133 semper
948 4036 987 4107 in
1013 4035 1076 4108 illa
1103 4033 1204 4106 Mar-

246 4153 337 4226 chia
369 4153 503 4227 Scotiae
538 4154 758 4240 morabatur,
794 4177 815 4225 a
850 4177 922 4248 qua
956 4150 1075 4224 nuntii
1110 4151 1204 4247 regis

253 4267 412 4343 Franciae
447 4270 655 4350 nullatenus
683 4277 928 4353 recesserunt,
964 4266 1027 4339 sed
1064 4275 1100 4339 et
1140 4267 1205 4341 ali-
