3110 5026
322 589 396 662 212
531 651 540 667 ,
573 605 799 658 cunorucou
819 604 1003 654 (1111111111
1058 579 1275 672 [1111351.

323 764 390 814 sua
414 737 591 824 custodia,
612 736 754 810 scilicet
779 733 951 808 trecentis
977 733 1065 805 viris
1092 756 1280 806 armorum

322 864 433 952 atque
451 853 605 928 totidem
626 851 832 948 sagittariis,
856 849 1012 947 patriam
1032 848 1191 921 vicinam
1213 848 1279 920 tri-

215 1060 219 1068 ,
323 973 397 1044 duo
413 970 581 1056 vastavit,
600 979 637 1044 et
654 968 799 1042 reduxit
816 967 976 1063 praedam
998 966 1278 1050 innumeratam,

323 1087 387 1160 sed
405 1086 443 1158 in
460 1085 580 1158 reditu
598 1108 728 1157 versus
744 1083 935 1170 Calesiam,
954 1081 1093 1155 donnni
1110 1082 1155 1154 de
1172 1081 1279 1153 Beal-

324 1203 387 1300 giu
411 1212 448 1276 et
470 1202 516 1276 de
537 1200 666 1274 Fienes
689 1224 773 1273 cnm
796 1200 896 1272 mille
913 1209 951 1272 et
968 1199 1175 1295 quingentis
1191 1197 1280 1271 viris

325 1344 511 1394 armorum
535 1319 608 1391 illis
630 1317 779 1390 insidias
802 1317 841 1388 in
862 1317 979 1389 tribus
1002 1315 1092 1389 locis
1114 1314 1279 1388 inbosca-

325 1444 424 1522 runt,
443 1435 518 1532 qui,
536 1434 688 1508 devictis
713 1434 831 1530 prima
856 1441 892 1507 et
918 1432 1082 1505 secunda
1102 1430 1280 1506 imbosca-

326 1552 497 1638 tionibus
531 1559 710 1624 venerunt
747 1574 862 1646 prope
899 1549 1149 1645 pavimentum
1183 1547 1282 1643 quod

327 1678 382 1742 est
404 1668 473 1740 iter
494 1667 541 1740 ad
563 1665 756 1753 Calesiam,
775 1665 838 1740 ubi
861 1665 984 1738 hostes
1007 1674 1170 1737 recenter
1192 1662 1282 1759 ipsis

327 1792 574 1859 occurrerunt.
628 1781 826 1857 Praedictus
847 1783 959 1880 igitur
979 1780 1153 1867 JoanneS‚
1178 1780 1282 1853 miles

328 1899 600 1974 strenuissimus
628 1908 665 1971 et
692 1899 792 1970 mirae
819 1897 1138 1994 magnanimitatis,
1165 1897 1283 1992 indig-

329 2025 437 2090 natus
455 2015 559 2110 quasi
581 2014 752 2111 fugiendo
769 2016 947 2088 inlocum
964 2024 1087 2088 tutum
1104 2023 1140 2086 et
1158 2023 1283 2110 aptum

330 2130 530 2204 defensioni
560 2154 645 2202 suos
676 2129 900 2216 contrahere,
928 2130 1066 2226 spernit
1099 2129 1285 2225 pavimen-

330 2257 411 2322 tum
438 2247 490 2319 eis
517 2247 679 2320 vicinum
706 2272 774 2344 pro
802 2247 941 2344 refugio
970 2255 1129 2342 captare,-
1154 2271 1226 2342 quo
1254 2247 1286 2318 si

332 2365 561 2438 devenissent
583 2364 707 2438 hostes
733 2365 772 2437 in
797 2365 879 2438 illos
903 2389 977 2440 non
1002 2365 1286 2460 praevaluissent,

332 2483 364 2558 si
389 2482 498 2554 fuerit
523 2482 745 2554 credendum
771 2481 842 2554 illis
869 2481 931 2576 qui
956 2480 1103 2554 fuerunt
1128 2481 1286 2567 ibidem,

332 2608 422 2673 tunc
443 2599 540 2670 enim
562 2598 644 2670 illos
665 2622 739 2671 non
763 2597 968 2694 potuissent
985 2597 1287 2671 circumvallasse.

333 2716 450 2812 Igitur
466 2715 505 2786 in
521 2717 631 2812 plano
649 2740 779 2812 campo
799 2715 871 2787 illis
892 2715 1103 2789 restiterunt
1120 2723 1156 2788 et
1174 2740 1288 2812 quan-

333 2841 559 2928 tumcunque
592 2833 715 2905 lassati
750 2856 795 2904 ex
830 2831 966 2928 duplici
1000 2832 1039 2904 in
1072 2833 1200 2906 eodem
1230 2833 1288 2904 die

335 2947 460 3028 habito
493 2947 678 3034 conflictu,
710 2955 747 3018 et
780 2947 888 3018 multi
922 2971 968 3018 ex
1002 2947 1053 3018 eis
1088 2946 1290 3042 pericrdose

335 3064 489 3139 fuissent
512 3064 675 3151 sauciati,
700 3062 875 3158 sagittarii
899 3063 1009 3135 etiam
1033 3087 1117 3135 suas
1140 3063 1290 3158 sagittas

336 3182 603 3278 expendissent,
630 3182 791 3254 animose
819 3190 953 3266 tamen,
981 3181 1066 3253 licet
1094 3204 1168 3252 non
1196 3181 1291 3277 sapi-

336 3307 438 3371 enter
471 3320 556 3369 suos
585 3295 710 3368 hostes
743 3305 970 3392 receperunt,
1000 3296 1065 3368 sed
1094 3297 1290 3372 innovatur

337 3439 419 3488 acer
436 3411 639 3498 conflictus,
657 3411 695 3482 in
713 3436 785 3508 quo
803 3412 878 3484 dux
896 3413 1182 3487 adversariorum
1199 3441 1290 3511 prae-

338 3531 434 3603 fatus
461 3528 631 3601 dominus
659 3529 703 3601 de
731 3529 883 3626 Bealgiu
910 3530 1042 3604 cecidit
1068 3540 1291 3628 peremptus,

338 3671 411 3742 quo
437 3669 512 3718 non
537 3646 716 3734 obstante,
744 3647 801 3720 sui
828 3637 1036 3722 constanter
1061 3658 1205 3722 nostros
1231 3673 1294 3722 ex-

337 3771 560 3860 pugnarunt,
579 3771 687 3860 atque
705 3788 831 3837 omnes
855 3775 1029 3861 ceperunt
1052 3775 1293 3862 praeterquam

339 3905 489 3977 paucos,
518 3880 645 3976 quiin
673 3881 757 3954 aliis
779 3881 1007 3954 conflictibus
1035 3882 1191 3977 graviter
1216 3882 1296 3952 vul·

339 3997 466 4085 nerati,
485 4022 569 4071 cum
593 3997 664 4069 illis
689 3997 752 4093 qui
774 3997 935 4092 praedam
957 3995 1003 4069 ad
1025 3999 1149 4071 villam
1173 3997 1293 4092 abige·

337 4113 438 4202 bant,
467 4120 551 4186 ante
585 4112 733 4184 tertium
769 4112 979 4186 conflictum
1012 4113 1156 4187 fuerant
1190 4113 1294 4186 Cale-

276 4291 286 4304 .
338 4231 429 4314 siam
471 4230 536 4302 sed
577 4229 685 4324 pauci
719 4230 881 4324 regressi.
946 4230 1083 4304 Nullus
1116 4230 1294 4326 Anglicus
