3118 5008
368 633 436 709 176
619 657 846 707 cunonrcorv
867 655 1050 706 aninumr
1096 633 1188 724 [mu.
1208 635 1315 708 1346.

361 784 639 881 prohibitorium
666 783 874 879 hujusmodi
901 781 1117 879 scapharum
1143 793 1190 856 ne
1215 809 1320 859 acoe-

362 902 500 989 derent,
520 910 556 974 et
573 901 808 997 postmodum
830 900 993 973 amirallo
1010 899 1234 974 Francorum
1251 929 1317 976 vo-

361 1019 451 1092 lenti
478 1043 563 1091 oum
590 1017 734 1113 navigio
763 1016 946 1120 guerrario
972 1017 1135 1113 Anglicis
1162 1020 1318 1092 navibus

362 1135 548 1222 insultare,
583 1143 626 1207 ut
660 1136 769 1208 modo
804 1144 967 1232 tempore
999 1135 1142 1231 scaphae
1170 1136 1315 1210 victuli-

361 1263 465 1326 arent
481 1253 665 1326 obsessam
683 1251 871 1339 Calesiam,
887 1275 1008 1325 comes
1026 1243 1315 1348 Norbamptonae'

362 1370 491 1443 obvius
508 1370 630 1465 ipsum
646 1377 814 1465 potenter
832 1367 981 1464 fugavit.
1031 1367 1167 1440 Taliter
1185 1392 1206 1440 a
1223 1368 1315 1442 festo

360 1483 573 1559 Nativitatis
599 1495 734 1559 sanctae
760 1485 899 1570 Mariae,
927 1509 992 1580 per
1017 1493 1131 1558 totam
1147 1481 1316 1594 'hiemem

361 1612 397 1676 et
419 1627 587 1699 magnam
605 1611 745 1698 partem
762 1602 896 1674 aestatis
914 1603 1109 1698 sequentis,
1128 1602 1315 1674 obsidione

361 1721 615 1821 invalescente,
645 1719 702 1792 die
732 1718 845 1790 Lunae
875 1719 1042 1814 proxima
1069 1727 1153 1792 ante
1180 1718 1315 1794 festum

361 1837 477 1910 sancti
509 1835 650 1921 Jacobi,
695 1843 871 1931 tyrannus
905 1835 1127 1909 Francorum
1169 1837 1316 1916 advenit

360 1961 522 2037 castrum
547 1952 591 2024 de
618 1950 754 2047 Gynes‚
780 1975 864 2024 cum
890 1951 1058 2028 Johanne
1085 1977 1152 2026 suo
1177 1953 1315 2050 primo-

360 2068 481 2166 genito
508 2077 545 2141 et
568 2069 645 2142 filio
670 2069 764 2164 regis
789 2069 986 2144 Bohemiae.
1040 2070 1171 2144 Postea
1199 2071 1313 2168 impe·
1417 2121 1422 2132 ·

360 2195 457 2259 rator
481 2186 733 2258 Romanorum
759 2187 976 2282 promittens
1000 2211 1086 2260 cum
1105 2187 1315 2282 juramento

359 2302 458 2398 quod
491 2302 715 2375 obsidionem
746 2327 874 2400 guerra
904 2328 969 2376 seu
997 2327 1088 2399 paee
1117 2314 1313 2390 amoveret,

358 2429 421 2492 aut
439 2419 603 2515 Anglieis
630 2420 766 2508 invitis
792 2421 957 2496 obsessos
974 2421 1212 2509 victualiaret,
1231 2431 1310 2495 tan-

358 2539 442 2611 dem
468 2538 696 2636 appropiavit
722 2555 808 2612 cum
833 2539 994 2612 exercitu
1020 2539 1082 2612 vix
1107 2564 1313 2636 perunum

357 2657 509 2730 milliare
534 2657 672 2730 distans
696 2681 718 2729 a
738 2656 902 2752 potentia
919 2655 1170 2752 Anglicorum,
1190 2666 1227 2731 et
1248 2683 1312 2754 pe-

357 2774 426 2850 tito
453 2799 517 2870 per
543 2774 691 2847 nuntios
715 2783 872 2847 tractatu
898 2771 1011 2870 pacis,
1035 2775 1155 2847 emisit
1182 2775 1313 2848 ducem

357 2888 517 2964 Datenes
546 2900 582 2963 et
610 2891 781 2964 comitem
809 2891 853 2962 de
881 2890 1052 2963 Burbone
1081 2899 1117 2964 et
1145 2891 1313 2965 d'Arme-

357 3009 455 3096 nak,
477 3009 540 3105 qui
570 3034 656 3082 cum
685 3008 777 3081 duee
807 3007 1025 3080 lancastriae
1054 3017 1091 3081 et
1119 3009 1312 3083 comitibus

359 3125 647 3221 Norhamptonae
660 3133 696 3196 et
709 3122 982 3219 Huntingdonae
1001 3123 1045 3195 de
1063 3124 1199 3219 treugis
1217 3135 1312 3198 trac-

358 3249 489 3324 tantes
520 3264 595 3312 non
625 3247 824 3335 potuerunt
854 3263 1043 3312 assensum
1070 3238 1312 3333 Anglicorum

358 3355 533 3441 obtinere,
550 3355 648 3427 unde
665 3362 748 3451 post
765 3354 949 3448 guerraria
964 3353 1171 3443 hastiludia,
1189 3367 1312 3452 partes

357 3481 520 3568 utraeque
550 3471 595 3543 ad
625 3494 691 3566 sua
724 3469 880 3544 tentoria
909 3479 994 3543 sunt
1025 3495 1187 3544 reversae.
1242 3471 1311 3546 Die

358 3588 519 3661 secunda
535 3588 667 3661 obtulit
688 3597 864 3686 tyrannus
882 3588 979 3660 diem
996 3589 1183 3686 praeliandi
1200 3614 1310 3686 quam

358 3727 420 3777 rex
438 3704 578 3800 Angliae
600 3705 753 3779 libenter
777 3707 949 3802 suscepit.
1004 3704 1155 3780 Obsessi
1174 3706 1311 3780 interea

357 3845 423 3916 per
456 3821 559 3917 signa
593 3846 700 3894 suurn
734 3831 872 3896 statum
901 3832 1057 3920 tyranno
1087 3821 1311 3896 Francorum

357 3938 521 4014 fecerunt
543 3938 789 4024 manifestum,
807 3939 846 4011 in
862 3949 946 4036 post
963 3963 1094 4034 nempe
1111 3938 1310 4012 adventum

357 4056 515 4153 tyranni,
533 4065 725 4130 erexemut
748 4057 827 4152 ejus
849 4056 1024 4128 vexillum
1048 4079 1156 4152 super
1179 4057 1308 4130 turrim

357 4173 594 4270 principalem
622 4173 742 4260 castri,
771 4171 859 4245 alias
885 4197 1028 4269 quoque
1058 4182 1131 4246 tres
1159 4174 1309 4247 vexillas

357 4289 493 4364 ducum
517 4300 552 4363 et
576 4291 750 4363 comitum
776 4290 820 4362 de
842 4288 995 4362 Francia
1017 4298 1248 4377 ornaverunt,
1272 4299 1309 4365 et
