3136 5016
385 673 387 682 =
455 651 500 700 nn
521 651 648 700 alans
668 653 715 702 nn
734 653 975 702 swrusnonn.
1147 634 1196 702 43

242 777 411 864 creditur,
430 778 623 866 interfecti,
642 780 799 854 dominis
815 781 947 853 comite
966 782 1010 854 de
1027 779 1138 853 Athcl
1160 790 1197 854 et

242 893 401 968 Fulcone
418 894 494 968 filio
508 895 654 969 ¹Warini
671 897 942 970 auxiliantibus.

292 1010 540 1085 Commissum
557 1021 612 1085 est
630 1037 738 1108 grave
759 1015 930 1108 proelium
946 1014 1072 1110 vigilia
1092 1038 1196 1088 sanc·

240 1136 287 1200 tae
309 1127 525 1225 Margaretae
548 1129 643 1202 inter
667 1129 889 1202 Edwardum
911 1155 1036 1227 regem
1052 1130 1195 1228 Angliae

240 1254 278 1317 et
311 1247 513 1318 exercitum
544 1245 751 1333 Scotorum,
782 1248 821 1318 in
854 1249 936 1320 loco
966 1249 1029 1344 qui
1063 1249 1196 1322 dicitur

241 1359 451 1433 Halidoune
473 1362 580 1457 juxta
604 1360 803 1449 Berewike,
821 1362 885 1436 ubi
910 1364 1039 1436 cecidit
1065 1387 1197 1460 magna

239 1499 325 1573 pars
342 1477 480 1550 militiae
499 1467 706 1566 Scotorum,
726 1503 811 1551 cum
828 1478 1084 1552 innumerabili
1101 1480 1195 1553 mul-

239 1591 396 1665 titudine
421 1592 599 1688 peditum,
618 1600 655 1665 et
680 1601 787 1688 capta
809 1601 886 1666 erat
909 1593 995 1665 villa
1014 1594 1063 1670 ¹de
1086 1592 1195 1666 Bere-

238 1707 333 1780 wikc
361 1731 446 1781 cum
473 1708 635 1795 castello,
663 1732 729 1805 per
756 1709 952 1792 dominum,
975 1709 1196 1784 Edwardum

238 1848 363 1921 regem
379 1825 606 1898 antedictum
813 1829 869 1899 14.

289 1939 384 2012 A.D.
416 1942 523 2014 1336.
577 1941 657 2016 Rex
685 1941 885 2014 Edwardus
916 1941 1034 2014 tenuit
1062 1943 1193 2039 parlia-

239 2065 404 2132 mentum
430 2057 640 2146 Londoniae,
674 2061 781 2132 l2mo
807 2059 865 2133 die
890 2057 1029 2147 Martii,
1055 2060 1095 2132 in
1121 2085 1194 2158 quo

239 2173 326 2246 lecit
356 2173 576 2249 Edwardum
605 2175 723 2248 lilium
753 2199 862 2249 suum
891 2176 1023 2250 ducem
1050 2174 1193 2250 Comu·
1326 2173 1333 2184 ’

239 2291 318 2378 biae,
337 2301 374 2364 et
392 2291 552 2388 quinque
569 2293 721 2386 comites
742 2294 787 2365 de
807 2316 903 2365 novo
927 2293 1074 2380 creavit,
1092 2293 1193 2366 vide-

237 2408 324 2504 licet
350 2408 517 2481 dominos
544 2409 748 2482 Henricum
773 2409 818 2481 de
843 2407 1054 2490 Lancastria
1081 2410 1193 2482 comi-

238 2531 314 2596 tem
339 2522 514 2610 Derbeiae,
538 2523 766 2596 Willelmum
792 2525 836 2596 dc
861 2522 996 2596 Bohun
1022 2525 1193 2598 comitem

236 2637 527 2725 Norhamtoniae‚
545 2638 772 2740 Willelmum
795 2639 840 2712 de
853 2638 1106 2720 ,Monteacuto
1131 2665 1191 2713 co-

237 2756 366 2828 mitem
390 2755 614 2828 Saresberiae.
667 2755 864 2850 Hugoncm
890 2754 1054 2828 Daudele
1080 2758 1192 2829 comi-

236 2882 312 2945 tem
343 2871 593 2961 Gloucestriae,
623 2880 659 2946 et
689 2873 919 2945 Willelmum
947 2872 992 2945 de
1021 2872 1192 2948 Clintone

236 2989 410 3062 comitem
427 2987 936 3085 Huntingdoniae———l
947 2994 978 3062 1.

286 3105 581 3193 Memorandum,
596 3105 709 3200 .quod
738 3104 796 3176 die
823 3103 988 3190 Veneris,
1024 3104 1063 3176 in
1097 3103 1191 3178 festo

238 3231 371 3294 sanotae
412 3220 627 3318 Margaretae
668 3219 830 3316 virginio,
866 3221 965 3316 apud
1008 3218 1187 3318 Oseneye,

237 3361 333 3410 anno
350 3338 487 3410 domini
509 3336 604 3410 1347
622 3334 772 3409 stanno
789 3337 891 3432 regni
908 3337 1001 3432 regie
1018 3335 1188 3409 Edwardi

238 3453 334 3525 tertii
360 3477 381 3525 a
405 3464 608 3549 conquestu
635 3457 745 3526 almo
773 3451 957 3524 Gallridus
984 3454 1019 3524 le
1045 3451 1187 3526 Bakere

237 3568 281 3640 de
317 3566 549 3641 Swinebroke
582 3570 734 3643 clericus
768 3568 815 3642 ad
848 3578 1016 3663 rogatum
1049 3567 1188 3640 domini

235 3682 386 3756 Thomae
403 3684 447 3756 de
464 3684 500 3756 la
515 3683 621 3758 More
638 3685 776 3770 militis,
792 3685 937 3779 scripsit
953 3684 1052 3756 istud
1069 3682 1186 3758 Chro-

163 3838 166 3842 ·
236 3802 410 3874 niculum.
463 3799 755 3886 Memorandum,
782 3799 881 3896 quod
914 3799 975 3872 ille
1004 3800 1187 3875 sanctissi-

235 3941 318 3990 mus
347 3918 457 3990 abbas
485 3915 656 3990 Joachim
685 3915 876 4012 descripsit
909 3916 1089 3988 mundum
1121 3940 1188 4010 per

236 4035 357 4106 literas
384 4033 567 4130 alphabeti
593 4033 819 4118 duraturum,
847 4041 884 4104 et
909 4032 1031 4127 posuit
1058 4053 1186 4104 nume-

236 4174 318 4221 rum
335 4173 444 4245 super
462 4149 660 4246 quamlibet
676 4148 818 4220 literam
836 4148 866 4218 C
887 4169 1012 4218 annos.
1064 4144 1112 4217 Et
1130 4145 1184 4216 in-

237 4265 325 4361 cipit
343 4289 364 4338 a
381 4265 525 4360 quando
542 4263 660 4336 Roma
676 4263 795 4358 primo
813 4262 882 4340 fuit
899 4259 1056 4346 condita,
1069 4283 1196 4356 usque
