3118 5008
230 611 448 702 arx-1326]
482 635 527 682 un
548 635 675 684 oaxen
695 636 742 683 on
763 634 1006 684 swmaaoxu.
1112 615 1176 684 101

227 757 380 853 Anglico
406 768 492 833 nato
517 761 556 831 in
581 761 741 836 Essexia.
797 761 886 834 Post
915 761 1057 834 obitum
1086 761 1180 857 regis

225 873 434 962 Alexandri,
462 877 519 949 de'
534 875 761 974 beneplacito
787 876 956 950 Edwardi
982 877 1076 973 regis
1102 876 1178 949 An-

177 1033 180 1037 ·
226 990 316 1084 gliae,
346 991 447 1064 Scoti
473 993 665 1066 erexerunt
692 994 760 1066 sibi
788 995 827 1065 in
854 1017 979 1088 regem
1005 993 1179 1067 maritum

226 1105 376 1177 senioris
396 1106 479 1178 filiae
499 1108 593 1201 regis
610 1107 821 1194 Alexandri,
841 1105 979 1181 scilicet
996 1107 1178 1181 loannem

225 1219 269 1291 de
295 1219 425 1306 Baliol,
453 1222 516 1317 qui
542 1246 609 1318 pro
637 1246 748 1318 regno
776 1223 907 1295 Scotiae
934 1223 1010 1318 regi
1036 1223 1178 1318 Angliae

223 1335 310 1408 fecit
327 1336 551 1432 homagium,
570 1347 608 1411 et
620 1339 756 1434 juravit
772 1338 994 1412 fidelitatem.
1049 1340 1179 1412 Postea

224 1452 270 1524 ad
303 1452 577 1548 instigationem
611 1454 908 1550 perturbatomm
942 1453 1042 1551 pacis
1077 1456 1178 1550 regni

224 1565 369 1652 Scotiae,
392 1591 457 1664 per
484 1569 567 1640 suas
592 1569 715 1641 literas
741 1569 857 1664 regias
883 1578 920 1641 et
946 1569 1095 1641 nuntios
1121 1593 1179 1642 so·

222 1685 346 1758 lennes
380 1685 520 1760 remisit
549 1687 752 1783 Anglorum
786 1689 861 1783 regi
895 1688 1107 1760 fidelitatem
1141 1698 1179 1761 st

223 1798 444 1896 homagium,
473 1802 535 1897 qui
562 1801 680 1875 fuerat
710 1804 743 1875 ei
771 1804 963 1899 obligatae,
992 1806 1051 1876 vel
1079 1804 1179 1877 aliud

223 1915 286 1989 aut
312 1917 419 1989 aliam
446 1919 708 2013 subjectionem
734 1903 967 2016 promittam,
996 1945 1106 2016 quam
1132 1922 1178 1993 ab

223 2031 350 2104 eodem
369 2033 546 2106 Edwardo
571 2035 654 2130 rege
680 2036 825 2109 volebat
848 2036 1001 2131 exigere.
1054 2035 1176 2109 Nihil-

223 2149 366 2222 ominus
387 2158 510 2222 tamen
530 2160 680 2247 propter
699 2153 777 2224 haee
801 2177 955 2248 regnum
979 2152 1175 2226 Scotorum

223 2266 389 2354 detinuit,
404 2268 467 2339 sed
484 2291 559 2339 non
577 2268 651 2353 diu,
670 2292 825 2364 namque
843 2293 907 2340 rex
924 2251 1067 2364 Angliae
1084 2293 1175 2365 prae-

223 2381 342 2454 dictus
373 2382 417 2454 de
446 2380 648 2469 Wintonia,
685 2383 808 2478 ipsum
842 2408 964 2478 regem
994 2382 1175 2456 Joannem

220 2519 345 2590 regem
376 2497 581 2582 Scotorum,
610 2507 647 2569 et
677 2521 786 2569 suum
812 2497 928 2569 filium
956 2497 1175 2571 Edwardum

221 2608 266 2680 de
293 2632 404 2702 regno
431 2607 625 2680 Scotorum
651 2607 803 2703 fugavit,
830 2609 976 2680 brachio
1003 2618 1172 2697 extent03

221 2723 353 2818 quibus
370 2723 609 2796 inFra'nciam
625 2724 950 2819 peregrinantibus,
965 2723 1028 2795 sed
1047 2725 1173 2797 castris¹

220 2848 258 2912 et
274 2840 538 2912 munitionibus
564 2839 694 2912 Scotiae
718 2864 783 2935 per
806 2863 930 2935 regem
947 2839 1092 2934 Angliae
1113 2864 1172 2913 oc-

221 2956 375 3052 cupatis,
394 2955 495 3039 Scoti
521 2956 573 3028 nil
599 2955 697 3029 aliud
720 2980 830 3052 quam
852 2957 1096 3030 inconsultam
1120 2965 1172 3029 te-

219 3071 423 3144 meritatem
458 3073 701 3158 consulentes,
742 3081 938 3160 tenuerunt
979 3097 1046 3169 pro
1089 3095 1172 3169 rege
1315 3067 1317 3074 ’

219 3187 391 3260 maritum
408 3188 575 3262 secundae
592 3187 675 3258 filiae
691 3186 787 3282 regis
803 3186 1014 3273 Alexandri,
1033 3186 1172 3261 scilicet

220 3303 419 3378 Robertum
447 3306 482 3377 le
512 3305 658 3400 Bruyus
687 3303 912 3399 praedictum,
943 3303 1074 3390 virum,
1105 3328 1169 3400 per

219 3421 340 3492 omnia
369 3421 570 3506 militarem,
602 3419 673 3491 nisi
699 3418 797 3514 quod
825 3419 944 3491 victus
974 3419 1169 3494 ambitione

217 3535 404 3630 regnandi,
423 3536 586 3630 neglecta
601 3534 684 3621 fide,
703 3535 780 3606 sine
801 3557 873 3628 qua
893 3535 1015 3608 nullus
1037 3559 1167 3632 appro-

216 3651 325 3723 batur
341 3650 457 3736 mileS,
476 3657 603 3722 contra
628 3674 734 3722 suum
758 3650 945 3722 dominum
967 3653 1168 3724 naturalem

216 3767 448 3864 praesumpsit
464 3766 707 3838 rebellionem.
761 3765 877 3862 Igitur
900 3766 970 3840 isto
993 3766 1165 3857 Roberto,

216 3893 259 3957 ut
288 3884 464 3980 scriptum
495 3891 562 3970 est,
590 3891 746 3977 mortuo,
776 3881 876 3956 Scoti
904 3905 1010 3955 suum
1036 3884 1165 3971 filium,

215 4001 316 4096 regni
338 4000 545 4095 proximum
561 3999 741 4073 haeredem
758 4009 795 4073 et
811 4023 930 4096 regem
947 3999 1164 4085 habuerunt,

215 4117 370 4214 quorum
397 4116 590 4190 consilium
603 4115 815 4190 -Edwardus
845 4119 879 4188 le
910 4113 1039 4200 Baliol,
1067 4113 1164 4186 filius

214 4233 307 4330 regis
324 4232 477 4306 Joannis
500 4240 536 4304 et
559 4233 642 4304 filiae
666 4233 816 4306 senioris
838 4229 1035 4302 Alexandri
1058 4228 1163 4323 regis,
