3110 5026
234 697 242 704 ,
368 623 442 695 260
613 587 847 692 ¹crrnourcou
867 642 1051 694 canuntur
1109 617 1323 711 [nareae

368 770 494 842 dentes
519 768 570 840 eis
596 776 817 863 proruerunt
844 776 881 840 et
907 775 1035 840 contra
1061 791 1147 840 suos
1172 768 1322 855 reversi,

368 893 524 980 stragem
544 909 619 955 non
641 884 823 956 modicam
840 884 1044 957 intulerunt
1061 907 1187 957 eorum
1205 885 1321 956 domi·
1354 923 1358 928 ·

368 1000 436 1086 nie,
464 1000 575 1073 alium
605 1009 727 1073 tamen
754 1001 866 1072 finem
892 999 1119 1072 machinatis.
1172 992 1323 1073 Abactis

368 1117 490 1212 itaque
507 1116 696 1188 dextrariis
714 1117 890 1212 sagittarii
907 1139 973 1188 suo
990 1117 1073 1189 loco
1089 1115 1202 1212 priori
1219 1140 1324 1212 repe-

368 1234 437 1305 tito
459 1235 572 1305 latera
593 1233 795 1328 pugnantia
817 1231 1040 1304 Francorum
1063 1232 1200 1304 directo
1220 1233 1322 1328 jactu

369 1348 595 1444 terebrarunt
610 1379 617 1419 :
637 1348 871 1420 continuatur
881 1347 1028 1419 horrida
1038 1346 1169 1420 Martis
1183 1347 1324 1419 insania

370 1464 638 1537 decertantibus
655 1463 890 1537 Warwioensi
912 1463 1248 1558 Saresburiensique
1270 1465 1322 1534 ie-

370 1581 513 1668 onibus,
533 1580 613 1676 quis
630 1585 757 1653 eorum
774 1580 967 1677 profusiori
988 1579 1162 1675 sanguine
1182 1578 1325 1652 Franco

369 1705 504 1768 terram
530 1694 794 1768 Pictaviensem
821 1697 1010 1784 debriaret,
1039 1719 1210 1791 armaque
1239 1720 1324 1792 pro·

370 1813 450 1908 pria
475 1812 591 1885 calido
615 1835 743 1884 cruore
766 1813 980 1907 gloriaretur
1004 1812 1188 1885 maculari.
1243 1811 1324 1884 Nec

371 1928 416 2000 ab
438 1950 545 2022 opere
568 1950 635 1999 suo
655 1928 799 2001 vacavit
822 1928 1007 2024 sapientiae
1024 1928 1189 2001 militaris
1206 1927 1331 1999 domis

371 2041 495 2113 cilium
521 2040 714 2136 singulare,
739 2043 895 2116 strenuis
917 2044 1062 2116 ‘actibus
1088 2067 1109 2115 a
1130 2043 1326 2139 juventute

370 2155 409 2226 in
432 2164 643 2251 provectam
665 2165 810 2230 aetatem
833 2160 1035 2247 decoratus,-
1056 2159 1216 2231 Thomas
1232 2157 1325 2230 Dof-

371 2269 463 2358 ford,
482 2273 612 2345 merito
634 2277 762 2347 consul
784 2274 1098 2349 Suthsolchiensis.
1151 2273 1234 2370 Ipse
1258 2297 1326 2370 per

373 2387 518 2482 agmina
544 2389 687 2484 singula
715 2414 876 2478 currens
904 2391 1064 2485 singulos
1091 2389 1242 2462 hortans
1269 2396 1326 2461 at-

372 2527 442 2597 que
468 2503 676 2577 confortans
700 2505 746 2576 ad
767 2506 1076 2592 benefaciendum,
1103 2505 1255 2580 cavebat
1279 2529 1326 2577 ne

368 2620 545 2713 juvenum
579 2621 699 2693 servor
730 2623 916 2695 animosus
946 2623 1148 2695 inconsulte
1177 2646 1326 2718 progre-

373 2733 530 2822 deretur,
569 2746 633 2809 aut
676 2737 834 2833 sagittas
867 2739 1106 2812 arcitenentes
1148 2737 1326 2810 inutiliter

373 2849 590 2947 dirigerent,
603 2861 640 2926 et
666 2854 862 2927 reverenda
888 2877 956 2927 sua
979 2878 1072 2927 voce
1098 2853 1227 2926 animis
1253 2852 1327 2925 fer-

372 2970 622 3044 vidis'addidit
638 2972 751 3068 ignes.
805 2971 849 3044 In
867 2973 1039 3046 conflictu
1055 2972 1197 3045 fortiter
1217 2995 1328 3066 agen-

373 3093 447 3161 tem
471 3112 569 3162 mors
592 3113 666 3162 non
689 3090 806 3162 inulta
828 3088 1153 3163 claromontanum
1173 3089 1330 3162 neoda..

374 3204 549 3277 ditionem
574 3229 642 3278 nec
666 3205 792 3300 fugere
816 3205 1043 3301 dignantem,
1061 3206 1169 3276 rebus
1196 3205 1327 3277 huma-

373 3318 430 3388 nis
464 3319 609 3390 exemit.
674 3319 745 3390 Sed
777 3320 882 3391 illum
911 3318 1133 3391 Dawdenam
1162 3319 1329 3416 deditum

373 3434 489 3524 virtus
512 3433 709 3530 praevalens
732 3433 887 3529 subegit,
905 3433 1182 3532 Willelmusque
1199 3433 1327 3531 Doug-

366 3551 428 3622 ‘tas
453 3548 635 3622 sauciatus
658 3547 811 3645 aufugit,
835 3574 971 3646 paucos
995 3575 1140 3647 quoque
1165 3575 1239 3624 suae
1265 3574 1328 3623 eo-

374 3666 510 3739 mitivae
536 3663 666 3740 Scotos
691 3690 777 3739 cum
794 3667 1017 3742 Archibaldo
1042 3667 1152 3741 fratre
1179 3692 1245 3740 suo
1271 3691 1328 3740 se-

253 3866 255 3871 ,
375 3809 460 3858 cum
482 3783 636 3856 reduxit.
690 3783 778 3858 Illos
801 3786 899 3858 enim
924 3795 1029 3859 atrox
1053 3785 1153 3858 furor
1175 3785 1328 3858 bellicus

375 3924 501 3975 omnes
527 3900 600 3973 fere
627 3899 772 3988 delevit,
800 3909 1020 3997 caeterosque
1050 3909 1201 3973 cunctos
1229 3900 1330 3973 illius

376 4018 549 4092 custodiae
571 4017 670 4090 viam
692 4017 819 4089 mortis
841 4016 1013 4102 honestae,
1037 4015 1096 4086 vel
1117 4013 1242 4109 fugam
1265 4039 1332 4088 ne·⁴

376 4135 578 4220 cessariam,
607 4132 764 4228 demptis
793 4130 1011 4203 redimendis
1040 4129 1206 4227 captivis,
1237 4130 1330 4204 inire

377 4250 504 4346 coegit.
570 4247 642 4321 Sed
675 4271 721 4323 ne
753 4247 910 4320 victores
943 4246 1099 4321 nimium
1133 4269 1331 4348 proseque-
