3118 5008
259 645 475 738 aalma]
531 669 1051 720 sssansnosswmssoxs.
1095 672 1097 684 ’
1141 647 1209 722 175

256 796 392 868 cessive
417 799 461 868 15
483 821 593 870 naves
616 819 765 894 magnas
790 823 874 871 curn
898 801 1032 895 parvis,
1054 824 1210 895 quarum

256 913 343 986 alias
369 915 599 988 abduxerunt
623 917 699 988 suis
725 917 864 1003 usibus,
891 927 1038 990 caeteras
1066 918 1212 1014 ignibus

256 1043 571 1129 consumpserunt.
621 1033 867 1130 Capiebantur
884 1035 922 1106 in
939 1036 1030 1107 mari
1041 1036 1210 1108 dominus

255 1151 472 1226 Edmundus
498 1151 648 1238 Haclut,
676 1163 712 1225 et
738 1155 907 1226 dominus
933 1154 1138 1228 Willelmus
1165 1157 1210 1228 de

256 1269 419 1342 Bortone
452 1270 597 1355 milites,
633 1273 759 1344 versus
789 1270 959 1365 Angliam
992 1272 1210 1366 navigando,

256 1385 386 1481 Itaque
409 1385 596 1459 obsidione
620 1386 844 1472 confirmata,
871 1410 935 1459 rex
961 1385 1119 1459 insultus
1145 1391 1210 1460 no-

256 1502 325 1576 luit
354 1503 498 1589 inferre,
526 1503 644 1576 sciens
674 1527 757 1576 cum
785 1505 867 1576 altis
897 1505 1011 1578 muris
1041 1513 1078 1577 et
1104 1505 1211 1578 fossis

256 1641 331 1692 uon
366 1621 444 1692 sine
476 1621 640 1716 periculo
675 1621 861 1694 hominem
890 1645 997 1718 posse
1028 1622 1209 1710 dimicare,

256 1738 319 1810 sed
343 1761 410 1810 nec
432 1739 552 1810 voluit
572 1747 699 1812 contra
716 1740 839 1812 villam
857 1740 1043 1813 machinas
1061 1742 1209 1836 erigere,

255 1862 296 1926 ut
316 1854 411 1927 sicut
429 1855 514 1927 alibi
531 1855 609 1928 fieri
627 1857 719 1928 solet
736 1857 854 1929 officio
872 1857 1097 1952 parariorum
1114 1859 1211 1930 mari

256 1971 485 2068 conquassati
521 1980 559 2044 et
590 1972 713 2045 obruti
745 1972 916 2046 meabiles
950 1973 1209 2062 redderentur;

256 2111 386 2184 nempe
412 2087 528 2162 desuit
552 2088 833 2161 tundamentum
859 2089 898 2161 in
924 2113 997 2184 quo
1023 2089 1210 2164 machinas

256 2206 459 2278 collocaret.
530 2203 707 2279 Praeterea
745 2207 859 2280 muris
894 2229 1022 2278 eorum
1056 2209 1208 2294 obrutis,

255 2321 375 2393 adhuc
399 2322 505 2393 fossae
530 2320 721 2416 profundae
746 2323 849 2416 aquis
874 2322 1024 2393 marinis
1048 2324 1210 2416 quotidie

255 2437 439 2510 inun'datae
460 2446 588 2510 contra
610 2446 731 2510 totum
753 2435 934 2509 mundum
957 2445 1126 2533 poterant
1148 2439 1209 2510 de-

256 2553 355 2625 fendi
402 2576 488 2628 cum
529 2553 712 2626 facilitate.
780 2553 1031 2626 Veruntamen
1073 2555 1210 2628 obsessi

256 2669 426 2744 timentes
460 2692 525 2766 per
559 2670 747 2743 machinas
781 2693 906 2742 muros
940 2694 1069 2742 eorum
1103 2692 1210 2766 posse

256 2784 349 2868 lodi,
368 2791 485 2857 crates
502 2793 539 2856 et
558 2806 682 2858 saccos
699 2785 827 2881 plenos
844 2785 957 2881 paleis
978 2794 1210 2881 paraverunt,

256 2901 389 2997 quibus
414 2901 510 2973 ictus
536 2901 700 2996 lapidum
726 2926 749 2974 a
775 2901 953 2974 machinis
980 2903 1209 2991 emissorum,

256 3016 410 3090 fuissent
428 3016 564 3104 delusi;
593 3015 748 3090 scientes
775 3041 836 3090 eos
862 3017 999 3114 lapides
1025 3020 1210 3094 remissius

256 3133 385 3206 laedere
410 3157 502 3230 quos
528 3134 713 3229 objectum
740 3134 888 3208 mollius
916 3134 1045 3232 recipit
1070 3137 1209 3233 projec-

255 3258 324 3324 tos.
376 3249 474 3347 Ergo
497 3253 543 3325 ab
567 3253 762 3326 insultibus
787 3260 895 3348 atque
916 3277 1105 3326 murorum
1123 3279 1209 3328 con-

256 3369 487 3464 quassatione
521 3393 586 3442 rex
620 3369 807 3456 abstinuit,
843 3369 1006 3466 cogitans
1044 3374 1210 3444 consulte

255 3482 354 3577 quod
387 3482 511 3571 famas,
540 3509 622 3581 quae
654 3485 793 3558 foribus
828 3485 960 3559 clausis
994 3485 1207 3581 ingreditur,

255 3606 380 3694 posset
410 3608 447 3672 et
473 3600 619 3672 deberet
649 3601 879 3674 obsessomm
909 3601 1117 3698 superbiam
1147 3603 1211 3678 do-

255 3737 368 3820 mare.
415 3715 482 3788 Ab
509 3716 611 3789 arido
638 3717 685 3789 ad
711 3741 811 3790 mare
840 3717 1064 3813 profundum
1093 3725 1138 3793 e'x
1168 3744 1210 3794 ea

255 3839 358 3928 parte
380 3841 508 3905 contra
533 3831 771 3908 Bolonienscs
797 3835 961 3908 solebant
985 3833 1209 3910 Calesienses

255 3947 468 4022 victualiare
495 3974 569 4024 non
596 3951 750 4024 navibus
771 3949 809 4022 in
832 3949 1014 4047 profundo
1030 3951 1099 4024 viis
1124 3975 1209 4046 pro-

256 4065 382 4154 bibito,
402 4068 466 4140 sed
486 4092 595 4166 super
611 4092 758 4142 arenam
775 4091 874 4141 mare
891 4091 1064 4163 expanso,
1083 4091 1209 4163 supera

256 4181 420 4256 ficialiter
452 4186 602 4259 batellas
636 4186 815 4284 replentes
849 4183 1082 4270 victualibus
1114 4182 1210 4256 Nor·

256 4297 453 4396 hamptone
479 4303 565 4376 fecit
593 4305 771 4398 paleatam
798 4325 922 4397 sepem
947 4324 1012 4372 seu
1037 4301 1210 4396 palicium
