3136 5016
247 647 443 739 nn.11.l9..]
473 669 518 718 un
538 669 665 716 nnxnn
685 669 732 717 nn
752 667 992 716 swrnrrnoxa.
1150 642 1196 717 77

245 801 447 896 praedictos,
467 802 678 897 inquorum
700 825 826 873 necem
848 799 965 873 fuerat
988 799 1112 895 regina
1135 799 1196 872 de-

244 917 428 1005 bacchata,
447 942 521 990 non
544 918 620 991 sine
641 919 834 991 securitate
852 941 926 990 suae
945 916 1125 989 comitivae
1143 916 1197 988 di-

244 1034 415 1120 mitteret,
434 1034 505 1107 nisi
527 1035 675 1121 invitus,
694 1034 853 1130 itemque
870 1034 968 1130 quod
986 1034 1043 1106 sui
1057 1033 1196 1129 judicio

243 1150 454 1223 innocentes
464 1150 812 1224 illosabinvidorum
820 1149 1010 1246 tyrannide
1021 1159 1195 1234 tueretur,

243 1275 507 1339 consenserunt
523 1267 623 1338 finali
639 1267 907 1362 praecipuorum
922 1265 1099 1361 juratoria
1112 1289 1197 1338 cau-

241 1371 354 1468 tione,
374 1382 472 1477 quod
497 1407 608 1455 manu
634 1391 773 1454 anneta
797 1383 891 1478 regis
918 1382 1109 1477 praesentia
1134 1405 1198 1477 per

242 1498 324 1570 illos
341 1506 536 1593 peteretur.
571 1497 775 1571 Mittuntur
792 1499 837 1571 ab
855 1498 1017 1570 exercitu
1035 1497 1198 1593 epistolae

242 1616 466 1713 episcopales
489 1616 535 1689 ad
558 1641 643 1689 suos
668 1617 913 1714 coepiscopos,
933 1625 970 1688 et
995 1616 1085 1688 alios
1108 1617 1197 1688 anri-

243 1757 318 1818 cos,
348 1741 404 1805 tot
438 1732 559 1820 duces,
596 1742 652 1807 tot
687 1733 850 1820 comites,
883 1741 1009 1828 totque
1043 1732 1197 1804 barones

243 1849 494 1944 Francigenas,
530 1873 615 1921 cum
649 1849 796 1922 illorum
826 1847 941 1944 copiis
976 1847 1196 1945 plenissimis

243 1989 307 2061 per
323 1989 444 2060 regem
460 1964 684 2038 Francorum
701 1989 768 2061 pro
785 1965 940 2038 tuitione
954 1965 1046 2060 juris
1065 1965 1197 2061 reginae

244 2082 376 2154 sororis
410 2106 484 2154 suae
517 2081 659 2168 misene,
692 2082 791 2177 quod
824 2081 886 2154 vix
920 2106 1047 2154 eorum
1082 2082 1196 2155 victui

243 2198 376 2294 Anglia
405 2199 594 2271 sufficeret.
658 2197 914 2272 Consternitur
943 2223 1078 2294 pavore
1109 2223 1196 2294 grex

244 2315 433 2410 indigenas
464 2315 541 2388 sine
570 2325 715 2411 pastore
745 2324 937 2411 expectans
968 2314 1197 2411 triumphum

244 2433 357 2529 partis
373 2433 494 2518 uniuS,
512 2441 661 2528 paratus
680 2456 718 2504 se
737 2431 889 2504 subdere
906 2431 1034 2503 virtuti
1051 2431 1195 2527 potiori.

245 2548 422 2621 Praeterea
447 2548 603 2644 prosiliit
633 2547 865 2620 mendacium
895 2548 939 2620 ab
971 2546 1132 2619 exercitu
1159 2547 1197 2618 in

245 2688 372 2737 omnes
397 2663 499 2759 regni
524 2663 650 2758 plagas
677 2662 917 2758 divulgatum,
935 2663 1034 2758 quod
1060 2661 1198 2735 scilicet

243 2778 409 2876 pontifex
434 2779 622 2851 Romanus
647 2801 773 2850 omnes
798 2777 972 2873 Anglicos
998 2778 1152 2851 absolvit
1177 2802 1198 2850 a

245 2897 418 2969 fidelitate
442 2898 563 2991 jurata
592 2919 659 2967 suo
690 2874 778 2990 regi,
810 2893 1089 2990 fulminaretque
1116 2917 1197 2967 sen-

245 3009 397 3086 tentiam
427 3009 811 3084 excommunicationis
841 3011 881 3083 in
915 3035 1041 3084 omnes
1071 3020 1198 3084 contra

245 3125 407 3223 reginam
433 3150 534 3200 arma
561 3126 781 3200 deferentes:
811 3127 857 3199 ad
870 3121 992 3223 'hujus
1018 3127 1197 3200 mendacii

246 3245 556 3319 confirmationem
590 3245 779 3340 finguntur
814 3245 886 3318 duo
921 3245 1120 3318 cardinales
1150 3270 1195 3317 ex

246 3363 406 3436 exercitu
431 3362 563 3458 reginae
588 3360 823 3448 adhaerentes,
850 3360 971 3434 nuntii
996 3359 1197 3458 praemisso-

247 3504 329 3552 rum

296 3594 406 3667 Anno
429 3591 579 3666 Domini
601 3595 693 3666 1326
717 3594 952 3692 pontificatus
974 3593 1111 3666 domiui
1131 3591 1196 3667 Jo-

245 3712 349 3786 annis
379 3735 482 3809 papae
510 3712 586 3784 anxii
613 3735 708 3785 anno
740 3715 797 3799 ll,
825 3695 1030 3806 regis'vero
1057 3710 1197 3806 Angliae

246 3828 411 3902 Edwardi
435 3830 494 3901 20.
508 3837 544 3902 et
567 3829 709 3916 ultimo,
729 3852 858 3924 guerra
880 3827 1052 3900 intestina
1068 3827 1198 3923 Angli-

246 3970 309 4020 cos
326 3955 500 4019 consueta
516 3946 711 4019 exercitare
735 3970 801 4043 per
823 3946 1022 4019 exercitum
1040 3945 1197 4040 descrip-

248 4071 328 4136 tum
353 4071 560 4150 renovatur,
584 4087 664 4158 quae
690 4061 841 4160 proinde
867 4087 941 4136 non
966 4069 1109 4157 poterat
1135 4060 1198 4131 diu

248 4179 389 4266 durare,
419 4176 517 4275 quod
547 4205 611 4252 rex
640 4190 676 4253 et
705 4179 869 4264 comites,
899 4199 990 4273 quos
1024 4173 1199 4271 expetivit

247 4294 377 4370 manus
404 4302 627 4370 armatorum
655 4295 865 4405 proditiosa,
894 4291 1044 4365 invalidi
1071 4291 1117 4363 ad
1144 4314 1199 4364 re-
