3118 5008
229 626 443 718 nolam]
482 651 526 698 nu
547 651 674 699 annun
694 652 740 698 un
760 582 999 702 swrnanorni.
1109 631 1176 703 161

196 831 198 835 -
226 775 306 862 sita,
324 776 383 848 vel
412 777 598 864 miserunt,
618 777 676 849 vel
701 776 941 851 vendiderunt
967 779 1183 867 nautis'vel·

223 916 290 987 per
315 901 454 981 nautas,
479 892 540 990 qui
565 894 671 988 juxta
699 893 879 966 maritima
903 919 1024 990 regem
1051 901 1178 992 seque-

225 1010 369 1098 bantur,
384 1012 507 1084 omnia
523 1020 813 1106 vastantesque
829 1022 980 1107 possent
999 1014 1044 1084 ad
1061 1023 1176 1087 artem

224 1128 390 1199 navalem
424 1128 614 1223 pertinere.
667 1127 808 1200 Deinde
842 1129 888 1200 ad
917 1131 1177 1204 monasterium

223 1239 318 1313 sorte
340 1252 377 1315 et
400 1242 637 1330 defensivum,
656 1251 693 1316 et
712 1243 836 1316 villam
854 1244 898 1316 de
914 1244 1120 1333 Turwarde,
1139 1248 1177 1319 in

224 1359 380 1432 marisco
404 1359 549 1445 situata,
572 1369 700 1456 postea
722 1360 767 1432 ad
787 1359 931 1457 Argeny
953 1362 1087 1435 bonam
1110 1364 1176 1435 vil-

223 1475 310 1562 lam,
340 1476 383 1549 de
417 1484 524 1549 nocte
554 1486 732 1549 venerunt
766 1477 812 1549 ad
841 1476 1022 1565 Romeuil,
1055 1481 1177 1554 omnia
1315 1567 1317 1572 ¹

222 1593 488 1680 comburentes
507 1593 636 1664 deinde
654 1592 950 1689 apudcivitatem
975 1596 1018 1667 de
1039 1594 1178 1693 Lysens

146 1709 147 1713 ’
222 1708 440 1783 invenerunt
462 1709 661 1783 cardinales
678 1710 723 1782 de
741 1697 851 1782 Claro
871 1722 995 1785 monte
1020 1723 1056 1786 et
1080 1711 1177 1786 Nea-

222 1827 438 1923 politanum,
457 1838 493 1900 et
510 1852 627 1899 unum
644 1827 968 1924 archiepiscopum,
988 1831 1177 1904 offerentes

224 1942 299 2039 regi
315 1951 512 2018 tractatum
528 1944 640 2040 pacis,
659 1955 696 2017 et
719 1943 769 2017 ibi
793 1945 1003 2019 morabatur
1025 1971 1089 2021 rex
1112 1973 1177 2045 per

223 2061 248 2134 3
271 2059 359 2148 dies,
387 2084 556 2134 recusans
583 2070 672 2134 tunc
699 2061 742 2134 de
769 2086 858 2158 pace
884 2072 1050 2138 tractare.
1104 2063 1177 2139 De-

224 2176 307 2250 inde
332 2179 583 2274 praeterierunt
608 2177 890 2252 Lessintnoland
916 2190 952 2254 et
978 2183 1102 2257 villam
1134 2184 1178 2258 de

222 2293 365 2381 Briene,
390 2304 427 2367 et
449 2295 727 2391 hospitabantur
750 2295 847 2391 apud
876 2297 1113 2395 Neuburgbe,
1132 2311 1179 2384 ,et

221 2420 349 2505 postea
366 2411 464 2506 apud
477 2409 650 2482 Celebeef
661 2433 771 2505 super
785 2409 914 2506 Seigne
933 2411 1122 2508 Seganam,
1142 2425 1179 2488 et

221 2525 1177 2626 ibiWailieiSeganamtransnataveruntpatriotisin-

221 2642 307 2718 vitis
321 2643 587 2731 resistentibus,
607 2654 643 2727 et
665 2645 788 2739 plures
807 2669 933 2718 eorum
953 2647 1175 2723 oeciderunt.

221 2757 363 2834 Deinde
380 2760 602 2833 transierunt
621 2761 727 2856 juxta
744 2770 905 2835 castrum
922 2772 958 2837 et
982 2759 1107 2852 villain
1133 2766 1178 2840 de

222 2877 319 2949 Pont
336 2876 473 2963 d'arch‚
492 2877 573 2950 loca
595 2876 702 2951 sortia
724 2901 798 2950 non
821 2889 1039 2976 expugnata,
1058 2890 1094 2954 et
1115 2882 1178 2966 illa

222 3002 331 3068 noete
357 2992 455 3090 apud
479 2992 580 3090 Lury
606 3018 714 3090 super
740 2993 919 3090 Seganam
944 2996 1176 3094 hospitaban-

222 3120 293 3202 tur,
317 3111 424 3207 juxta
449 3110 581 3184 bonam
607 3111 732 3183 villam
758 3109 802 3182 de
827 3109 978 3198 Iouem,
1002 3137 1081 3208 quae
1106 3113 1177 3188 fuit

223 3227 430 3302 incinerata.
484 3226 615 3301 Postea
632 3227 854 3301 transierunt
876 3253 942 3324 per
963 3239 1122 3304 castrum
1139 3241 1176 3305 et

223 3343 347 3417 villam
364 3346 409 3418 de
428 3343 561 3418 Gailon
584 3354 691 3440 capta
713 3353 750 3416 et
773 3345 974 3433 combusta,
994 3356 1030 3419 et
1052 3347 1174 3445 hospi-

224 3461 395 3536 tabantur
411 3461 509 3557 apud
527 3459 738 3557 Lungevile‚
753 3471 905 3556 quaeest
918 3462 1025 3557 juxta
1041 3463 1190 3537 bonam·

221 3578 347 3652 villam
373 3586 410 3648 et
437 3585 596 3650 castrum
624 3577 667 3650 de
693 3575 843 3650 Vernon
870 3602 944 3651 non
972 3589 1080 3677 capta
1106 3607 1175 3656 nec

221 3703 330 3780 tacta,
350 3701 387 3766 et
403 3691 454 3768 ibi
471 3691 634 3765 introivit
650 3692 689 3766 in
706 3691 907 3780 Franciam‚
925 3703 961 3768 et
984 3695 1046 3770 illa
1068 3708 1175 3773 nocte

222 3810 500 3885 combusserunt
526 3817 687 3884 castrum
713 3809 757 3884 de
783 3808 1071 3902 Rocheblanehe,
1094 3841 1174 3912 quae

222 3938 292 4004 stat
311 3931 407 4002 ultra
425 3917 614 4024 Saganam,
627 3937 663 4002 et
681 3928 958 4025 hospitabantur
975 3933 1073 4027 apud
1089 3933 1173 4004 Fre-

221 4046 292 4118 vile
320 4067 428 4142 super
457 4043 647 4142 Saganam.
701 4046 833 4121 Postea
860 4049 1081 4121 transierunt
1108 4073 1173 4144 per

220 4162 345 4239 vibam
379 4163 424 4237 de
458 4162 611 4238 Maunte
645 4164 689 4236 de
724 4173 830 4237 nocte
866 4164 1038 4259 hospitati
1077 4165 1174 4260 apud
1285 4227 1289 4238 .

221 4278 378 4376 Epome.
432 4280 476 4357 In
502 4281 671 4367 crastino,
696 4281 752 4354 die
775 4280 928 4353 Veneris
954 4275 1173 4358 transierunt

687 4422 708 4468 n
