3118 5008
252 619 327 670 an.
348 598 472 690 1340]
512 620 558 670 un
577 621 705 671 aaran
723 622 771 670 nu
791 621 1032 702 ewrrrnaunn.
1132 601 1200 675 147

249 771 391 844 quaque
419 747 632 820 destructis:
664 747 762 820 unde
789 749 964 822 exercitui
989 749 1034 823 de
1061 749 1201 823 victua-¹

249 863 343 937 libus
386 862 693 936 abundantissime
731 861 979 960 providerunt.
1046 861 1202 938 Duravit

248 979 388 1053 obsidio
413 979 653 1053 Tornacenais
680 1003 796 1075 usque
822 980 869 1052 ad
895 977 1031 1052 festum
1058 989 1201 1054 sancto-

247 1120 330 1168 rum
348 1095 492 1170 Cosmae
515 1106 551 1169 et
574 1095 755 1184 Damiani,
774 1094 873 1190 quod
895 1103 951 1168 cst
974 1096 1089 1192 pridie
1108 1096 1200 1192 vigi·

246 1212 334 1284 liam
359 1213 476 1286 sancti
498 1211 702 1299 Michaelia
727 1235 801 1307 quo
827 1210 885 1284 die
912 1220 997 1308 post
1023 1213 1200 1308 plurimos

246 1335 424 1400 tractatus
454 1350 563 1422 super
592 1335 720 1421 treuga
748 1326 918 1412 ineunda,
946 1349 1012 1421 per
1040 1326 1199 1400 Francos

245 1451 451 1538 procurata,
480 1442 517 1513 in
546 1464 656 1537 quam
683 1441 801 1514 lucrat
828 1463 1047 1514 consensum
1069 1442 1115 1514 ad
1136 1466 1198 1538 pe-

244 1557 411 1631 titionem
447 1556 672 1630 Gallicorum
700 1581 817 1653 usque
846 1558 893 1630 ad
921 1557 1055 1630 festum
1083 1559 1199 1632 sancti

244 1673 423 1748 Johannis
449 1674 629 1770 baptistae,
648 1697 693 1748 ex
715 1683 805 1748 tunc
828 1674 995 1772 proximo
1018 1674 1196 1762 futurum,

245 1791 469 1879 duraturam,
487 1800 530 1864 ut
547 1799 671 1888 posset
691 1791 837 1865 interim
859 1791 904 1864 de
926 1815 1016 1887 pace
1037 1792 1195 1878 tractari,

244 1916 282 1980 ct
314 1908 446 1981 redditi
479 1907 626 1981 suerunt
656 1908 743 1981 hinc
772 1917 809 1981 et
839 1908 923 1980 inde
953 1907 1100 2004 captivi,
1129 1909 1197 1982 sub

243 2025 483 2097 conventione
503 2025 626 2120 jurata
648 2024 822 2098 redeundi
839 2023 886 2098 ad
902 2025 1042 2098 dictum
1062 2024 1195 2097 festum

243 2138 281 2210 in
299 2162 386 2212 casu
406 2163 480 2236 quo
502 2163 578 2212 non
600 2139 702 2213 fieret
723 2165 796 2237 pax
818 2141 947 2214 finalis.
1002 2138 1063 2214 Sic
1079 2141 1197 2214 fuerat

243 2256 361 2328 soluta
385 2256 525 2329 obsidio
550 2255 804 2344 Tornaeensie,
832 2265 868 2330 et
894 2258 925 2330 si
950 2281 1078 2331 verum
1104 2257 1195 2359 fate-

242 2380 336 2459 atur,
361 2371 406 2444 ad
432 2395 603 2466 magnam
628 2371 895 2467 displicentiam
921 2372 1015 2466 regis
1042 2371 1193 2467 Angliae.

242 2485 322 2558 Rex
338 2509 469 2582 nempe
487 2510 562 2559 non
578 2486 709 2559 habuit
725 2509 850 2560 secum
871 2487 942 2560 nisi
964 2509 1101 2583 pancos
1119 2488 1195 2560 An-

152 2637 154 2642 ’
241 2601 357 2696 glicos
381 2599 526 2687 ibidem,
555 2600 619 2673 sed
644 2623 770 2672 omnes
797 2601 857 2672 alii
882 2601 1030 2673 fuerunt
1058 2601 1194 2697 stipen-

240 2715 356 2802 diarii,
381 2715 513 2811 quibus
540 2739 606 2811 per
628 2715 849 2813 quindenam
876 2714 967 2787 nihil
993 2715 1110 2792 fuerat
1136 2740 1196 2790 so-

240 2833 360 2905 lutum
383 2855 451 2929 pro
474 2855 518 2904 eo
542 2831 640 2928 quod
663 2831 819 2928 pecunia
841 2838 1031 2928 expectata
1052 2830 1097 2904 de
1117 2830 1194 2905 Ana

240 2949 313 3044 glia
342 2971 416 3022 non
445 2948 556 3020 venit.
610 2948 788 3023 Praeterea
817 2949 893 3022 dux
923 2947 1128 3022 Brabantiae
1157 2959 1194 3022 et

239 3085 362 3134 comes
391 3059 585 3148 Hanoniae,
614 3061 678 3156 qui
711 3085 779 3158 pro
813 3083 856 3134 eo
890 3060 1079 3156 potissime
1107 3084 1192 3134 cum

239 3202 322 3274 rege
339 3177 554 3264 militarunt,
572 3186 616 3251 ut
640 3177 735 3251 villae
758 3184 795 3250 et
818 3185 947 3264 castra,
966 3201 1046 3273 quae
1068 3185 1191 3274 tyran·

239 3318 308 3367 nus
334 3294 557 3368 Francorum
582 3295 671 3391 ipsis
697 3294 847 3368 abstulit
875 3304 911 3367 et
939 3293 1073 3390 injuste
1098 3295 1190 3369 deti-

238 3411 331 3496 nuit,
360 3410 478 3483 forent
506 3411 559 3483 eis
589 3435 654 3506 per
682 3411 860 3484 auxilium
887 3411 982 3506 regis
1010 3411 1195 3496 restituta,-

238 3525 338 3621 quod
364 3535 401 3597 et
428 3525 499 3597 fuit
526 3525 676 3613 lactum,
703 3527 767 3599 sed
796 3534 958 3600 cessante
985 3550 1094 3599 cauea
1122 3551 1191 3623 pro

238 3665 311 3738 qua
339 3640 562 3727 laborabant,
589 3665 664 3714 non
692 3642 775 3738 plus
805 3642 942 3738 placuit
974 3641 1027 3715 eie
1060 3667 1191 3738 guerra

238 3757 365 3844 aliena,
390 3765 582 3852 propterea
601 3779 676 3830 uno
698 3779 849 3831 assensu
870 3781 991 3853 regem
1014 3781 1189 3854 provoca-

237 3882 335 3960 runt,
350 3882 387 3946 et
401 3873 505 3969 quasi
522 3882 719 3969 coegerunt
735 3874 782 3948 ad
798 3882 962 3970 treugam
979 3873 1187 3960 ineundam,

238 4015 393 4086 quorum
411 3989 574 4085 oportuit
594 3988 717 4086 ipsum
739 4013 806 4086 pro
828 3998 918 4062 tunc
940 3989 1041 4083 sequi
1058 3979 1187 4058 volun·

238 4116 362 4179 tatem.
414 4098 558 4202 Treuga
580 4106 691 4202 igitur
716 4112 823 4201 capta
845 4115 883 4178 et
905 4103 1044 4176 obsidio
1068 4103 1188 4175 acluta

237 4223 324 4294 solis
343 4221 504 4320 Anglicis
527 4232 563 4295 et
586 4221 878 4307 Flandrensibus,
901 4229 936 4293 et
959 4217 1037 4292 aliie
1061 4217 1186 4313 paucis

537 4345 542 4353 '
679 4339 745 4408 1<2
