3136 5016
266 631 433 720 sn.11.l.]
479 653 524 701 mr
543 651 671 700 aaron
689 652 737 700 nn
755 651 998 701 swrusnorm.
1168 632 1216 704 49

266 777 484 850 Edwardum
506 777 550 850 de
573 775 794 864 Carnarvan,
816 777 965 872 cingulo
986 777 1135 849 militari
1157 777 1218 849 de-

237 934 240 940 ·
266 883 415 977 curavit,
434 900 472 963 et
489 891 669 986 cumipse
687 892 776 964 alios
793 901 943 965 centum
965 893 1098 966 milites
1123 892 1218 965 ordi-

266 1009 367 1080 navit
390 1009 489 1103 apud
512 1008 902 1097 Westmonasterium;
931 1010 1048 1081 filium
1075 1032 1220 1106 quoque

266 1147 376 1196 suum
402 1123 617 1218 praedictum
645 1124 781 1196 ducatu
807 1124 1039 1221 Aquitanniae
1067 1125 1218 1197 dotavit.

267 1239 397 1312 Petrus
420 1239 533 1310 etiam
556 1237 600 1309 de
621 1236 829 1311 Gavestone
851 1264 897 1311 ex
922 1249 1104 1336 praecepto
1127 1241 1220 1335 regis

268 1371 423 1449 regnum
439 1352 580 1447 Angliae
598 1353 786 1447 abjuravit.
839 1355 998 1426 Demum
1015 1356 1113 1428 circa
1128 1356 1221 1427 nati-

268 1469 422 1541 vitatem
449 1469 564 1540 beatae
593 1468 753 1562 virginis,
787 1468 948 1542 Scotiam
981 1470 1126 1566 repetiit
1158 1494 1222 1542 rex

270 1609 356 1658 cum
374 1583 503 1656 militia
520 1583 676 1679 copiosa,
696 1584 759 1655 ubi
782 1608 848 1678 per
870 1593 986 1658 totam
1009 1586 1166 1657 hiemem
1187 1594 1223 1658 et

268 1705 668 1797 aestatem'sequentem
690 1723 863 1797 prospere
886 1701 1082 1797 disponens
1108 1703 1224 1776 multa

269 1841 350 1914 quae
365 1816 494 1902 voluit,
513 1817 652 1888 labores
674 1817 905 1912 'gravissimos
928 1828 1046 1891 morte
1066 1843 1223 1915 praerep-

270 1943 330 2006 tus
349 1933 424 2005 suis
441 1930 596 2028 posteris
614 1931 771 2026 reliquit,
790 1957 922 2029 nempe
939 1934 1089 2008 infesto
1105 1944 1222 2008 trans-

269 2049 414 2122 lationis
448 2047 566 2120 sancti
593 2045 743 2119 Thomas
770 2049 952 2146 martyris,
981 2074 1076 2123 anno
1106 2053 1223 2124 aetatis

271 2189 345 2238 suae
362 2164 424 2250 69,
443 2163 543 2258 regni
563 2186 650 2235 vero
672 2163 729 2236 sui
751 2187 773 2236 a
793 2173 912 2238 morte
936 2167 1049 2261 patris
1067 2169 1129 2254 35,
1148 2176 1224 2240 eta

270 2280 502 2354 coronatione
532 2279 589 2351 sui
618 2281 681 2364 33,
710 2287 747 2350 et
780 2281 826 2350 ab
860 2281 1106 2355 incarnatione
1133 2281 1224 2356 Jesu

271 2392 409 2466 Christi
431 2388 538 2477 1307,
557 2392 602 2464 ab
625 2393 694 2465 hac
716 2393 799 2465 luce
823 2394 1003 2489 migravit,
1022 2397 1128 2492 cujus
1145 2421 1224 2469 cor-

270 2533 341 2606 pus
362 2509 460 2604 apud
481 2506 859 2595 Westmonasterium,
885 2511 947 2581 28ο
971 2511 1029 2582 die
1054 2510 1225 2584 Octobris

272 2625 458 2720 sepultum
480 2631 667 2717 exspectat
692 2623 992 2696 resurrectionem
1015 2633 1052 2697 et
1073 2649 1226 2720 regnum

272 2739 546 2834 sempiternum.
878 2738 880 2743 ’

324 2854 435 2926 Anno
456 2851 622 2949 proxime
648 2860 786 2943 notato,
805 2854 944 2927 scilicet
967 2856 1227 2930 incarnationis

272 2971 340 3044 filii
364 2968 434 3042 Dei
458 2966 565 3056 1307,
592 2967 841 3043 Edwardo'de
859 2972 1065 3045 Wineestre
1090 2973 1227 3069 praede-

274 3085 411 3182 scripto
437 3083 535 3156 viam
562 3084 740 3157 universae
768 3087 886 3159 carnis
913 3096 955 3160 ut
982 3089 1228 3184 praescribitur

263 3203 447 3297 ingresso,
473 3199 648 3272 successit
669 3198 766 3272 filius
790 3224 878 3273 suus
901 3201 1166 3298 primogenitus
1188 3205 1227 3276 in

275 3342 439 3414 regnum,
466 3315 666 3388 Edwardus
694 3315 739 3388 de
769 3315 991 3405 Camarvan,
1021 3318 1141 3392 dictus
1172 3344 1226 3394 se-

276 3434 416 3506 cundus
458 3440 542 3526 post
584 3441 836 3527 conquestum,
873 3433 935 3528 qui
978 3435 1102 3507 statim
1122 3527 1124 3532 ,
1144 3446 1229 3531 post

275 3549 506 3644 adeptionem
541 3547 752 3620 diadematis
790 3550 932 3644 paterni
969 3550 1227 3640 transfretavit,

277 3663 535 3738 conciliaturus
553 3662 621 3734 sibi
642 3687 752 3735 avum
768 3662 980 3761 Philippum
997 3666 1031 3737 le
1048 3665 1155 3740 Beals
1172 3693 1227 3741 re-

277 3805 360 3877 gem
377 3778 611 3863 Francorum,
630 3779 675 3850 ab
692 3779 772 3875 ipso
789 3781 1029 3876 permultum
1046 3805 1227 3870 aversum,

276 3897 371 3969 inter
387 3918 478 3990 quos
500 3893 594 3989 ignis
617 3895 733 3967 sancti
757 3896 905 3990 spiritus
923 3898 1033 3969 talem
1050 3897 1228 3971 fervorem

277 4011 437 4086 caritatis
456 4009 654 4096 succendit,
674 4012 770 4105 quod
793 4035 857 4084 rex
879 4011 1077 4084 Edwardus
1095 4013 1228 4086 Isabel-

278 4130 352 4198 lam
371 4127 484 4198 filiam
506 4125 669 4221 praedicti
692 4125 786 4222 regis
804 4127 976 4213 Franoiae,
996 4151 1080 4199 cum
1099 4153 1230 4222 magna

220 4307 224 4316 .
278 4242 483 4315 celebritate
513 4265 640 4335 regum
671 4252 779 4336 atque
812 4266 1006 4337 procerum
1040 4243 1229 4338 utriusque

736 4382 759 4426 o
