3118 5008
371 637 440 710 152
620 656 847 706 cusourcou
868 653 1051 704 saaraim
1106 634 1319 724 [a.n.l342.

361 783 506 878 -absque
524 782 619 854 scitu
642 804 709 854 suo
729 804 814 853 cum
835 803 917 874 rege
935 779 1105 875 Philippo
1122 786 1268 874 treugas
1285 787 1322 850 et

368 909 488 972 certos
518 897 691 970 terminos
721 897 768 968 ad
797 895 1028 969 tractandum
1055 895 1099 966 de
1129 893 1323 966 concordia

367 1014 539 1109 suscepit.
609 1011 806 1107 Propterea
838 1009 1012 1105 praedicta
1045 1008 1205 1082 amicitia
1246 1032 1321 1080 non

366 1129 495 1201 debere
518 1151 639 1224 regem
662 1126 802 1221 Angliae
826 1125 975 1211 moveri,
1001 1134 1037 1197 et
1062 1147 1188 1196 versus
1209 1123 1321 1196 finem

364 1244 555 1330 subduxit,
575 1242 821 1315 “vicariatum
837 1241 904 1314 tibi
921 1263 986 1336 per
1003 1263 1070 1312 nos
1088 1239 1322 1312 commissum

270 1388 274 1394 ¹
366 1383 412 1433 ex
436 1361 553 1432 causis
578 1381 800 1432 revocamus.
853 1355 950 1429 Data
976 1354 1239 1440 Francunsora
1275 1356 1322 1450 lfi

367 1477 425 1551 die
436 1475 553 1561 Junii,
571 1475 673 1570 regni
690 1472 805 1546 nostri
822 1496 918 1545 anno
936 1469 984 1544 27
1003 1481 1040 1544 et
1058 1470 1200 1566 imperii
1220 1470 1304 1541 14.”

417 1593 476 1664 Ad
498 1601 647 1664 vocatos
670 1589 789 1683 apices
817 1588 1021 1682 imperiales
1048 1586 1232 1680 rescripsit
1258 1608 1322 1657 rex

367 1707 438 1778 ita:
467 1703 736 1777 “Serenissimo
754 1702 903 1774 domino
921 1701 1129 1789 Ludowico,
1151 1700 1222 1774 Dei
1243 1724 1322 1796 gra·

369 1821 420 1893 tia
445 1818 692 1891 Romanorum
719 1818 943 1912 imperatori,
973 1841 1117 1915 semper
1142 1817 1321 1912 Augusto,

370 1935 570 2006 Edwardus
596 1933 722 2006 eadem
749 1933 868 2027 gratia
900 1957 963 2006 rex
990 1933 1153 2007 Franeiae
1182 1941 1219 2006 et
1244 1932 1323 2004 An-

370 2050 462 2144 gliae,
481 2057 517 2122 et
535 2049 703 2121 dominus
717 2048 939 2120 Hiberniae.'’
995 2105 1322 2120 ......

421 2162 568 2236 ANNO
606 2162 756 2235 Domini
796 2167 903 2250 1342,
948 2165 1048 2260 regni
1093 2165 1151 2236 sui
1184 2162 1325 2258 Angliae

371 2280 615 2353 sextodecimo
644 2277 875 2376 Franciaeque
899 2281 1020 2367 tertie,
1047 2304 1111 2353 rex
1137 2280 1237 2352 dedit
1262 2303 1323 2352 co-

370 2397 540 2470 mitatum
569 2395 791 2492 Cantbrigge
825 2396 972 2469 domino
1002 2396 1138 2468 Joanni
1168 2397 1213 2468 de
1248 2395 1324 2468 He-

371 2513 467 2598 nald‚
487 2521 618 2608 patruo
636 2513 791 2584 dominae
809 2511 987 2608 Philippae
1004 2511 1148 2607 reginae,
1167 2519 1204 2585 et
1224 2520 1324 2607 post-

371 2651 481 2723 quam
505 2627 603 2722 apud
625 2624 775 2698 Novum
799 2636 959 2700 castrum
980 2628 1174 2700 celebrarit
1191 2626 1324 2700 festum

371 2752 505 2816 sanctae
532 2741 749 2830 Catharinae,
777 2751 814 2814 et
840 2742 1095 2816 solennitatem
1121 2743 1324 2816 Dominieae

371 2859 596 2943 Natiuitatis,
626 2882 698 2952 quo
733 2857 779 2929 ad
808 2857 905 2929 idem
939 2857 1073 2930 festum
1106 2857 1227 2930 David
1260 2882 1325 2930 rex

373 2973 567 3048 Scotorum
611 2973 896 3046 comminabatur
931 2996 968 3045 se
1003 2975 1214 3060 affuturum,
1250 2976 1324 3047 col-

372 3091 466 3162 lecto
492 3088 654 3161 exercitu
680 3088 829 3159 intravit
852 3087 1028 3177 Scotiam,
1047 3099 1083 3162 et
1109 3089 1323 3185 praedictum

372 3203 492 3274 David
526 3202 726 3296 fugientem
763 3202 1047 3295 persequebatur
1087 3204 1184 3274 ultra
1225 3225 1325 3274 mare

376 3316 573 3401 Scoticum‚
606 3313 728 3386 omnia
757 3315 949 3387 devastans
982 3326 1113 3412 praeter
1141 3327 1259 3390 castra
1287 3325 1325 3389 et

373 3431 535 3529 paludes,
550 3429 733 3526 inquibus
749 3428 851 3502 Seoti
864 3454 948 3502 cum
962 3455 1086 3503 eorum
1104 3455 1186 3528 rege
1206 3429 1326 3503 David

374 3572 413 3620 se
439 3547 687 3631 occuluerunt,
710 3553 819 3642 atque
845 3571 967 3621 eomes
995 3547 1207 3620 Saresberiee
1232 3546 1325 3618 Wil-

374 3664 504 3736 lelmus
527 3663 571 3734 de
594 3660 724 3734 Monte
747 3673 869 3749 acuto,
888 3672 996 3736 nacto
1020 3663 1164 3758 navigio
1182 3664 1325 3760 cymba-

375 3802 470 3864 rum,
492 3779 647 3850 insulam
669 3801 779 3850 uuam
803 3789 840 3851 et
863 3779 1039 3874 optimam
1062 3779 1216 3865 illarum,
1235 3801 1325 3874 quas

374 3904 506 3967 vocant
536 3893 775 3978 Howthildes,
807 3894 937 3967 Scotiae
967 3895 1237 3991 pertinentium,
1269 3903 1324 3966 est

375 4010 569 4105 ingressus,
596 4009 660 4083 ubi
690 4009 857 4081 universa
882 4011 1075 4084 victoriose
1106 4008 1322 4104 subjugavit.

376 4125 587 4198 Praedictam
613 4123 780 4208 insulam,
800 4148 880 4218 quae
904 4123 1056 4196 Mannia
1078 4133 1241 4208 vocatur,
1261 4123 1324 4194 do·

375 4242 494 4313 minus
529 4264 591 4312 rex
623 4235 770 4331 praesato
802 4240 926 4312 comiti
957 4238 1187 4335 conquesturi
1216 4237 1326 4309 libere
