3136 5016
358 599 406 668 84
612 617 838 668 cunomcon
859 620 1043 669 onnrnmr
1101 600 1310 690 [inland.

358 771 468 823 suum
483 748 708 822 tutissimum
726 771 919 834 carcerem,
938 749 1109 824 videlicet
1127 752 1314 847 episcopa-

358 869 442 952 lem,
461 891 528 962 pro
550 889 618 937 ove
641 864 710 936 sibi
732 873 769 938 et
791 864 888 959 lupis
911 866 1045 938 tradito
1062 869 1185 940 tutelae
1203 892 1312 963 quam

358 981 555 1079 portendit,
583 981 680 1077 quod
707 981 751 1053 ab
777 979 992 1052 Herefordia
1019 982 1141 1078 ipsum
1167 981 1312 1056 londo-

359 1099 457 1171 niam
479 1097 613 1177 fecerat
636 1096 789 1183 traduci,
809 1120 830 1169 a
848 1120 915 1170 suo
939 1097 1077 1170 scilicet
1100 1099 1312 1195 episcopatu

359 1215 398 1286 in
427 1214 600 1288 diocesim
629 1213 796 1297 alienam,
825 1237 846 1286 a
880 1213 961 1285 loco
994 1215 1240 1287 munitissimo
1274 1215 1312 1286 in

359 1340 502 1403 montes
544 1330 752 1425 pardorum.
817 1326 919 1411 Quid
952 1328 1102 1426 insuper
1135 1331 1313 1426 significat

360 1447 458 1542 qnod
484 1444 604 1518 clerici
631 1445 699 1518 sibi
724 1444 848 1517 traditi
873 1444 1037 1540 rapinam
1063 1454 1171 1541 atque
1197 1469 1312 1518 sacer·

360 1565 456 1639 dotis
470 1563 739 1660 jugulationem
755 1561 834 1656 ipse
850 1561 1125 1657 potentissimus
1142 1564 1313 1659 praelatus
1343 1623 1346 1636 ,

359 1681 568 1778 provinciae,
605 1679 705 1752 s'alva
747 1676 922 1773 dignitate
965 1677 1311 1775 archiepiscopatus,

361 1795 482 1872 debita
505 1795 693 1891 diligentia
717 1817 792 1892 non
818 1794 959 1867 curavit
983 1794 1142 1891 punire?
1194 1792 1327 1867 Credo

361 1912 460 2009 quod
489 1911 541 1983 in.
555 1910 620 1983 tali
649 1933 737 1982 casu
765 1933 894 1982 verum
928 1917 984 1982 est
1017 1909 1055 1981 id
1083 1908 1312 1997 Quintiliani,

361 2029 610 2122 Torquentem
642 2025 756 2099 vincit
790 2025 953 2121 quisquis
988 2027 1134 2114 occidit,
1162 2037 1202 2101 et
1232 2027 1313 2101 ideo

362 2145 430 2218 sub
461 2142 604 2218 silentio
634 2141 745 2239 pallio
775 2144 970 2238 querelam,
1002 2167 1112 2238 quam
1141 2169 1225 2217 cum
1255 2169 1312 2218 ec-

362 2261 470 2334 clesia
496 2260 562 2333 sub
586 2260 698 2332 altare
721 2258 791 2331 Dei
813 2259 936 2331 audivi
958 2283 1024 2354 per
1045 2284 1153 2332 voces
1177 2261 1313 2333 occiso·

361 2401 444 2451 rum
461 2377 698 2451 innocentum
719 2375 950 2472 descriptam,
967 2385 1004 2449 et
1026 2376 1105 2450 aliis
1128 2402 1202 2449 non
1224 2403 1313 2474 pau·

361 2493 414 2584 cis
448 2518 514 2590 per
547 2491 730 2588 reginam,
754 2491 967 2588 episcopum
997 2491 1314 2567 Herefordiensem
1367 2565 1368 2572 ,

362 2609 606 2707 ellingerum
632 2611 677 2682 de
702 2608 855 2681 Mortuo
882 2609 974 2703 mari
997 2621 1040 2682 ut
1063 2609 1210 2685 cuilibet
1236 2611 1313 2682 illo-

363 2751 446 2800 rum
462 2727 602 2824 placuit
620 2725 806 2812 consectis,
827 2725 897 2821 ipsi
913 2725 1142 2799 Londoniam
1163 2751 1201 2799 se
1221 2725 1315 2823 pari-

364 2853 418 2916 ter
436 2844 712 2926 transtulerunt,
731 2841 796 2912 ubi
812 2840 886 2913 cito
903 2850 988 2935 post
1005 2840 1259 2937 Epiphaniam,
1276 2842 1316 2914 iu

363 2960 602 3056 parliamento
623 2981 688 3052 per
710 2956 820 3051 ipsos,
840 2955 971 3050 quibus
993 2958 1117 3030 nullus
1134 2983 1244 3032 ausus
1262 2968 1317 3032 est

363 3076 541 3160 resistere,
559 3082 771 3158 convocat0,
794 3071 863 3145 suit
889 3073 1095 3144 ordinatum
1121 3087 1158 3147 et
1183 3075 1316 3147 consti-

363 3202 497 3280 tutum,
528 3190 626 3287 quod
655 3214 700 3262 ex
734 3197 837 3284 parte
866 3189 980 3261 totius
1010 3176 1111 3281 regni
1141 3198 1214 3261 tres
1242 3191 1318 3286 epi·
1458 3199 1460 3206 ’

217 3378 223 3384 .
364 3308 478 3405 scopi,
497 3308 570 3379 duo
588 3305 748 3390 comites,
767 3305 841 3376 duo
861 3289 1020 3390 abbates,
1040 3314 1196 3400 quatuor
1211 3307 1318 3380 baro-

365 3449 442 3513 nes,
461 3434 499 3498 et
519 3423 564 3495 de
586 3421 747 3518 quolibet
768 3419 945 3493 comitatu
965 3420 1107 3516 Angliac
1128 3422 1202 3495 duo
1224 3423 1317 3496 mili-

365 3550 433 3628 tes,
452 3540 540 3614 item
564 3538 608 3611 de
631 3537 791 3632 qualibet
809 3536 956 3610 civitate
973 3536 1012 3609 in
1028 3538 1115 3611 villa
1131 3539 1320 3635 capitanea

366 3656 558 3751 cujuslibet
591 3653 762 3741 civitatis,
791 3661 828 3726 et
862 3653 1028 3727 similiter
1063 3656 1107 3728 de
1140 3657 1319 3752 portubus

366 3777 440 3848 duo
456 3776 652 3869 burgenses
670 3771 902 3845 mitterentur
924 3771 970 3843 ad
991 3795 1113 3873 regem
1130 3771 1228 3867 apud
1244 3770 1319 3842 Ke-

366 3890 565 3964 nelworthe
598 3888 835 3973 custoditum,
871 3887 1001 3960 facturi
1039 3885 1134 3959 infra
1172 3887 1318 3981 scripta.
1352 3933 1359 3947 ·

366 4009 528 4082 Joannes
571 4006 616 4078 de
660 4003 840 4077 Stratford
880 4003 1073 4099 episcopus
1109 4001 1319 4088 Wintoniae,

367 4127 488 4198 Adam
516 4123 561 4196 de
586 4121 780 4193 Torletonc
810 4119 1002 4215 episcopus
1031 4115 1255 4191 Herefordiae
1285 4125 1321 4189 et

368 4242 552 4316 Henricns
576 4239 768 4335 episcopus
794 4234 992 4307 Lincolniae
1016 4233 1163 4328 collegae
1187 4233 1321 4329 princi-
