3110 5026
356 568 430 640 264
610 589 837 639 cnaorucox
858 590 1041 640 oxnrnrnr
1098 569 1312 660 [331356.

358 715 545 787 dominum
578 715 784 788 Walterum
828 717 872 788 de
908 715 1145 804 Wodelande,
1182 741 1312 791 versus

355 831 503 904 hostilia
530 830 632 926 signa
658 853 697 903 se
723 855 881 919 movere,
906 841 943 904 et
970 856 1055 904 cum
1082 833 1208 928 paucis
1233 835 1312 907 suis

356 945 562 1018 recentibus
588 946 733 1018 obviam
761 946 861 1018 dedit
887 946 1063 1019 exercitui
1090 971 1223 1043 magno
1250 973 1311 1020 co-

355 1063 486 1136 ronati.
551 1062 641 1137 Ilico
674 1065 825 1139 classica
856 1075 1069 1151 sonuerunt,
1099 1089 1186 1137 nam
1214 1068 1311 1139 tubae

354 1178 456 1252 lituis
483 1188 520 1253 et
545 1178 693 1252 musicis
719 1180 889 1252 cornibus
915 1188 1024 1275 atque
1049 1179 1223 1274 naquiriis
1249 1203 1310 1252 co-

354 1296 633 1391 responderunt,
661 1305 698 1369 et
725 1296 897 1370 Pictaviae
922 1319 1010 1369 saxa
1034 1295 1187 1367 muralia
1210 1295 1311 1370 silvis

355 1411 447 1484 echo
473 1419 701 1500 resonarunt,
725 1411 823 1484 unde
847 1419 1015 1507 putasses
1041 1419 1184 1484 montes
1208 1412 1311 1483 valli-

355 1528 424 1599 bus
448 1527 633 1623 mugiisse,
653 1536 691 1600 et
715 1527 754 1599 in
779 1527 937 1600 nubibus
959 1525 1132 1599 tonuisse.
1184 1524 1312 1599 Tantis

356 1645 528 1717 tonitruis
551 1644 704 1717 fulmina
727 1645 805 1717 dira
829 1668 904 1717 non
929 1644 1086 1730 defuere,
1104 1643 1192 1717 dum
1217 1635 1336 1714 radi--

357 1749 502 1833 antibus
519 1761 636 1833 aureis
654 1761 763 1834 armis
780 1762 846 1832 lux
863 1760 1048 1847 scintillat,
1067 1767 1104 1832 et
1126 1760 1173 1831 de
1196 1758 1312 1854 polito

358 1876 509 1971 chalybe
553 1886 745 1949 coruscant
786 1877 900 1950 hastae
943 1878 1120 1963 volantes,
1157 1898 1312 1970 quarum

358 1990 526 2085 cuspides
547 1991 711 2063 fulminis
731 1991 857 2079 instar,
877 1992 984 2064 obvia
1000 1991 1156 2063 findunt.
1207 1990 1313 2063 Tunc

353 2105 465 2178 turba
486 2105 609 2178 minax
632 2105 900 2179 balistariorum
923 2108 1034 2180 densa
1056 2105 1207 2202 caligine
1224 2129 1312 2200 qua·

358 2221 530 2292 rellorum
553 2229 687 2294 tetram
707 2232 854 2296 noctem
878 2248 1008 2320 campo
1029 2221 1184 2310 reduxit,
1203 2245 1313 2316 quam

357 2337 562 2410 reverberat
579 2338 694 2410 imber
710 2340 829 2413 letifer
846 2341 1071 2436 sagittarum,
1087 2362 1176 2434 quas
1193 2337 1312 2410 emisit

358 2451 513 2550 Anglica
532 2454 703 2551 phalanx,
725 2457 840 2552 pubes
857 2456 978 2529 surore
995 2456 1099 2554 quasi
1118 2456 1312 2551 desperans

356 2569 503 2664 agitata.
566 2569 723 2643 Evolant
762 2572 872 2644 etiam
906 2573 980 2669 pila
1018 2572 1189 2658 fraxinea,
1224 2570 1312 2642 dnm

359 2708 397 2756 se
416 2685 580 2756 salutant
606 2685 747 2759 eminus
772 2685 906 2775 hosteS,
932 2712 974 2762 ac
1000 2686 1224 2766 Francorum
1249 2710 1312 2758 co·

356 2799 444 2871 hors
468 2801 600 2896 stipata
624 2801 744 2873 densis
770 2802 924 2874 catervis
949 2810 1142 2897 protegens
1165 2807 1313 2896 pectora

359 2917 427 2988 sub
450 2917 670 2990 umbonibus
693 2918 827 2991 seriose
851 2918 965 3004 nexiS,
985 2918 1230 2990 avolatilibus
1247 2940 1312 2988 ora

360 3032 527 3120 declinat,
562 3033 659 3106 unde
694 3033 881 3129 sagittarii,
917 3033 1095 3130 pharetris
1128 3033 1311 3105 incassum

359 3145 553 3236 evacuatis,
577 3149 734 3243 peltibus
758 3159 795 3222 et
817 3151 945 3243 gladiis
971 3151 1148 3221 duntaxat
1171 3148 1312 3233 armati,

359 3284 488 3357 graves
509 3273 706 3335 armaturas
729 3265 897 3336 invadere
919 3264 1106 3348 docentur,
1125 3286 1147 3333 a
1163 3261 1314 3335 libidine

359 3378 519 3450 semente
544 3376 699 3448 vendere
725 3386 893 3463 mortem,
911 3401 1022 3474 quam
1046 3378 1244 3474 putabatur
1269 3378 1312 3448 il·

347 3497 438 3582 lum
463 3495 558 3566 diem
589 3517 627 3564 33
657 3492 835 3566 finituros.
897 3495 1002 3568 'Iunc
1027 3494 1148 3568 fremit
1173 3495 1313 3566 instans

359 3609 500 3681 Walhae
540 3609 723 3706 princepe,
767 3610 893 3684 Gallos
935 3613 1110 3685 mutilans
1152 3610 1313 3682 mordaci

357 3735 475 3821 spata,
499 3726 641 3800 lanceas
668 3737 825 3816 truncat,
849 3730 945 3803 ictus
968 3730 1183 3814 reverberat,
1209 3727 1311 3800 nisus

359 3843 547 3932 adnihilat,
588 3845 710 3940 lapsos
751 3846 926 3933 sublevat,
961 3854 998 3918 et
1040 3844 1146 3916 docet
1186 3841 1336 3912 hostes'

360 3985 468 4055 quam
493 3960 628 4034 furiosa
655 3960 703 4033 sit
730 3961 931 4057 desperatio
959 3960 1027 4032 sub
1054 3968 1139 4053 toga
1165 3955 1307 4030 Martis

360 4075 511 4149 Interim
533 4076 744 4173 capitaneus
768 4079 870 4148 dela
893 4075 1037 4148 Busche
1060 4073 1223 4169 graditur
1241 4073 1311 4146 iter

355 4193 559 4289 obliquum,
579 4194 646 4265 sub
671 4192 810 4265 declivo
833 4192 1004 4272 recedens
1022 4217 1043 4264 a
1060 4200 1184 4265 monte
1202 4213 1311 4287 quem
