3110 5026
378 669 451 743 238
630 688 853 739 cnronrcon
874 687 1056 738 saaraim
1112 665 1205 762 [no.
1223 656 1331 741 1355.

377 816 538 889 exercitu
566 814 705 888 balistis
738 823 776 887 et
809 814 890 887 aliis
918 813 1097 886 machinis
1127 813 1332 888 dimicanti-

375 934 457 1019 bus,
485 932 612 1005 multis
642 955 688 1004 ex
716 940 872 1028 utraque
897 940 1002 1027 parte
1029 930 1210 1021 sauciatis,
1240 955 1332 1004 non-

376 1049 468 1123 nulli
497 1049 724 1132 interierunt.
776 1047 847 1121 Die
876 1047 1009 1122 Martis
1038 1049 1154 1144 burgo
1183 1071 1249 1144 per
1277 1048 1331 1144 ig-

376 1187 462 1238 nem
486 1165 723 1254 inflammato,
752 1189 817 1262 per
844 1165 998 1238 cararias
1026 1165 1206 1250 ardentes,
1231 1188 1332 1237 exer-

376 1283 472 1356 citus
498 1282 683 1379 profectus
713 1283 760 1356 ad
788 1291 999 1368 torrentem,
1029 1282 1153 1378 ipsum
1182 1281 1221 1353 in
1250 1281 1331 1377 plu-

376 1399 478 1472 ribus
503 1400 594 1473 locis
621 1399 872 1485 transmeavit,
900 1399 940 1471 in
968 1422 1041 1495 quo
1069 1397 1225 1471 transitu
1252 1398 1332 1470 duae

376 1516 559 1612 quadrigae
588 1515 726 1589 domini
755 1515 931 1612 principis
961 1513 1109 1587 fuerumt
1138 1537 1205 1610 per
1234 1514 1331 1586 cives

376 1633 557 1719 defracto,
575 1640 612 1705 et
637 1633 684 1705 ad
708 1655 883 1728 magnum
906 1632 1082 1704 damnum
1105 1629 1328 1726 depredatae.

375 1744 550 1840 Princeps
576 1744 784 1841 hospitatur
811 1745 858 1817 ad
885 1744 1008 1816 villam
1032 1752 1073 1816 et
1100 1752 1261 1816 castrum
1288 1743 1334 1815 de

376 1860 546 1933 Ambian.
598 1860 667 1933 Die
683 1861 871 1948 Mercurii,
891 1860 1029 1934 scilicet
1046 1859 1085 1931 in
1102 1860 1196 1932 festo
1216 1860 1332 1932 sancti

376 1975 541 2062 Martini,
562 1999 628 2071 per
648 1977 801 2071 longum
822 1975 893 2048 iter
915 1984 952 2048 et
974 1975 1124 2061 malum,
1144 1974 1208 2047 sed
1230 1973 1333 2070 equis

375 2091 557 2188 praecipue
591 2091 776 2178 nocivum,
812 2092 898 2187 quia
936 2101 1136 2188 petrosum,
1176 2100 1213 2164 et
1255 2083 1333 2164 sine

375 2206 480 2302 aquis
512 2208 573 2279 vel
607 2207 686 2280 aliis
719 2207 831 2280 etiam
870 2207 1102 2295 victualibus
1138 2206 1223 2302 equi
1264 2231 1332 2303 pro

376 2323 479 2419 aquis
506 2332 680 2420 potarunt
708 2323 849 2410 vinnm,
876 2323 980 2396 etin
1008 2323 1096 2396 vino
1127 2323 1218 2396 cibis
1247 2347 1330 2396 coc-

375 2441 434 2528 tis,
463 2440 555 2514 nihil
580 2441 761 2538 liquidum
786 2441 857 2514 nisi
880 2440 1009 2531 vinum
1035 2449 1099 2513 aut
1125 2441 1248 2514 oleum
1274 2463 1331 2513 re-

374 2558 591 2654 periebatur.
645 2557 715 2630 Die
740 2558 845 2631 Jovis
870 2556 1118 2630 Theodericus
1143 2556 1248 2644 Dale,
1275 2579 1332 2630 os-

375 2675 503 2747 tiarius
526 2699 677 2748 camerae
704 2675 842 2749 domini
867 2674 1055 2771 principis,
1078 2675 1189 2748 fiebat
1214 2674 1330 2760 miles,

375 2805 413 2868 et
438 2794 661 2867 transierunt
687 2794 822 2868 bonam
848 2793 972 2865 villam
997 2801 1166 2866 vocatam
1189 2789 1330 2877 Ulmes,

374 2911 438 2983 ubi
467 2912 685 3008 praeoedenti
710 2921 819 2985 nocte
844 2911 992 2984 suerunt
1017 2908 1193 3006 hospitati
1220 2908 1330 2980 offici-

374 3028 440 3100 arii
466 3028 609 3102 comitis
627 3027 923 3115 Arminiacensis,
950 3026 1070 3098 media
1095 3025 1261 3098 custodia
1285 3024 1331 3096 ad

374 3145 510 3219 bonam
551 3146 673 3219 villam
716 3145 860 3218 comitis
903 3145 947 3217 de
988 3143 1125 3230 Insula,
1162 3150 1330 3216 vocatam

374 3261 487 3356 Aryle
520 3261 713 3355 hospitata.
765 3261 940 3355 Princeps
972 3261 1070 3355 apud
1099 3259 1227 3333 fratres
1255 3258 1330 3330 Mi-

375 3398 481 3449 nores
533 3376 773 3471 pernoctavit,
820 3376 884 3448 ubi
931 3399 1064 3472 magna
1111 3376 1332 3450 abundantia

374 3493 451 3566 vini
477 3492 634 3566 mosceti
659 3515 728 3589 pro
753 3491 941 3566 comitissa
968 3494 1014 3566 de
1040 3494 1165 3568 Insula
1191 3493 1232 3566 in
1257 3493 1330 3566 cel-

374 3609 472 3681 lariis
489 3609 659 3706 reposita,
677 3609 795 3683 fuerat
811 3619 964 3684 vastata.
1017 3611 1087 3683 Illo
1108 3611 1167 3684 die
1187 3609 1330 3683 fuerant

375 3724 561 3800 destructa
584 3727 680 3800 bona
703 3728 792 3801 villa
816 3729 862 3801 de
886 3728 1057 3825 Pypions,
1083 3737 1120 3801 et
1146 3728 1226 3824 ejus
1252 3748 1330 3799 cas-

374 3851 473 3917 trum
498 3853 671 3918 vocatum
694 3844 845 3933 Redote,
864 3855 902 3918 et
926 3845 1236 3940 discooperatores
1261 3843 1330 3915 ini-

374 3959 555 4036 micorum
597 3962 695 4058 eapti
738 3963 940 4035 retulerunt
974 3960 1072 4055 quod
1105 3957 1332 4032 Francorum

375 4079 664 4153 constabularius
690 4086 727 4150 et
753 4100 875 4150 comes
897 4073 1181 4148 Arminiacensis
1207 4074 1245 4146 in
1271 4099 1330 4147 ea-

374 4194 458 4267 dem
480 4195 578 4282 villa‚
603 4195 665 4268 ubi
693 4192 872 4266 exercitus
900 4191 1140 4288 pernoctavit,
1164 4192 1329 4265 intende·

373 4311 462 4384 bant
483 4320 724 4406 pernoctasse.
777 4308 847 4382 Die
864 4308 1019 4385 Veneris
1040 4310 1224 4385 exercitus
1245 4329 1330 4405 pro-
