3110 5026
213 643 432 732 ιιι-13561
482 665 526 712 nn
547 663 673 712 aaron
692 663 741 712 nn
760 663 999 713 swrnnnoxn.
1086 641 1158 716 257

212 793 334 865 niosos
363 791 480 866 lacere
510 801 694 878 consueta,
722 791 839 866 honos
867 792 1015 887 insuper
1042 815 1163 866 amor-

42 919 48 930 '
113 901 116 906 ’
212 931 281 1003 que
303 909 440 1004 patriae,
458 899 649 982 Gallorum
666 901 811 1004 quoque
834 907 1163 1013 spolia'pmagnifica

211 1025 325 1120 magis
343 1035 455 1120 quam
475 1024 591 1097 oratio
614 1048 707 1109 mea,
729 1047 795 1096 vos
817 1023 1010 1096 hortantur
1032 1025 1164 1120 patris-

211 1161 300 1213 sare.
354 1138 467 1234 Signa
487 1139 699 1234 sequamini,
721 1140 912 1234 praeceptis
929 1139 1066 1212 ducum
1081 1165 1165 1212 ves-

211 1255 497 1334 trorumanimo
520 1264 557 1329 et
579 1273 730 1351 corpore
750 1255 896 1351 penitus
913 1255 1054 1341 intenti,
1072 1265 1115 1328 ut
1132 1252 1164 1328 'si-
1194 1318 1216 1328 ,,

210 1371 286 1444 vita
304 1395 392 1446 oum
411 1371 596 1468 triumpho
619 1371 728 1444 fuerit
750 1396 818 1444 nos
839 1372 1023 1459 comitata,
1041 1373 1165 1444 firmas

211 1486 388 1579 amicitias
411 1488 450 1560 in
470 1488 519 1574 id,
537 1488 629 1561 idem
646 1513 779 1581 semper
794 1491 881 1560 nelle
898 1515 957 1562 seu
975 1491 1066 1561 nolle
1083 1515 1166 1586 per-

212 1613 416 1698 petuemus.
468 1604 660 1690 Caeterum,
682 1603 714 1676 si
739 1628 816 1677 sors
843 1605 976 1693 invida,
996 1629 1076 1701 quae
1103 1609 1163 1680 de-

212 1719 271 1805 sit,
297 1720 336 1794 in
362 1720 539 1794 universae
569 1721 687 1795 carnis
716 1722 815 1794 viam
841 1721 999 1818 finalem·
1013 1746 1080 1794 nos
1107 1724 1163 1794 in-

212 1837 323 1908 stanti
345 1837 466 1909 labore
489 1837 701 1933 propulerit,
726 1861 801 1910 non
825 1839 1019 1934 suspendia
1045 1840 1165 1914 debita

213 1952 371 2025 scelestis
395 1953 543 2028 nornine
564 1963 685 2027 vestra
706 1953 963 2050 profanabunt,
983 1956 1046 2028 sed
1063 1981 1161 2028 com-

212 2068 371 2142 muniter
403 2068 560 2141 eundem
593 2069 754 2164 cyphum
791 2070 854 2143 isti
889 2072 1053 2166 generosi
1090 2073 1164 2146 mei

213 2193 411 2270 consortes,
434 2192 470 2256 et
496 2208 562 2279 ego
587 2185 778 2258 vobiscum
794 2188 1013 2281 potabimus,
1033 2189 1163 2283 quibus

212 2300 356 2375 vincere
388 2297 549 2397 Franciac
582 2298 810 2370 nobilitatem
843 2301 911 2372 erit
944 2303 1165 2394 gloriosum3

212 2416 310 2488 vinci
331 2436 428 2501 vero,
448 2412 545 2509 quod
568 2411 669 2486 Deus
692 2421 842 2498 avertat,
866 2437 941 2486 non
963 2417 1166 2511 periculum

213 2541 331 2627 turpe,
366 2530 429 2602 sed
463 2529 704 2605 animosum.''
772 2527 874 2604 Talia
908 2529 1043 2618 dicens,
1082 2558 1166 2629 pro-

152 2651 153 2656 ’
214 2647 334 2744 spexit
351 2648 450 2743 quod
469 2655 545 2719 erat
566 2671 586 2718 e
605 2646 726 2719 vicino
748 2646 942 2720 lateraliter
965 2672 1069 2723 mons
1086 2651 1166 2746 qui-

214 2765 308 2838 dam,
321 2765 467 2862 sepibus
495 2771 531 2835 et
558 2762 664 2835 fossis
692 2787 714 2835 a
741 2763 868 2836 dextra
893 2763 1092 2850 redimitus,
1119 2767 1165 2838 ad

214 2881 310 2954 intra
342 2905 429 2954 vero
445 2889 449 2920 ³
464 2881 670 2967 distinctus
707 2880 842 2976 quippe
876 2904 921 2952 ex
942 2904 1029 2956 ,una
1062 2892 1165 2978 parte

213 3019 382 3092 pascuus,
400 3006 438 3067 et
463 2995 513 3068 ibi
539 2997 669 3068 dumis·
686 2996 901 3083 condensus
921 3021 966 3068 ex
989 2997 1058 3069 alia
1080 3022 1167 3072 vero

213 3112 329 3184 vineis
363 3111 538 3196 consitus,
561 3119 611 3183 'et
645 3134 689 3182 ex
723 3112 863 3207 reliqua
896 3112 1091 3200 sationalis,
1127 3115 1164 3186 in

214 3229 318 3324 cujus
338 3231 427 3325 jugo
451 3227 617 3301 sationali
638 3227 826 3302 cohortem
844 3227 1068 3303 Francorum
1085 3255 1168 3328 per·

213 3346 340 3441 pendit
368 3344 547 3418 residere.
581 3364 584 3372 ’
617 3344 717 3418 Inter
755 3355 900 3420 nostros
934 3357 985 3421 et‘
1004 3358 1166 3422 montem

213 3471 317 3535 erant
350 3463 471 3559 ampla
503 3462 766 3558 profundaque
782 3463 885 3535 vallis
920 3473 957 3537 et
990 3464 1167 3537 mariscus

214 3585 374 3650 torrente
408 3577 565 3672 quodam
598 3576 768 3672 irriguus.
820 3577 881 3651 Ad
915 3579 1001 3653 satis
1036 3602 1169 3676 angus-

213 3703 294 3766 tum
336 3693 472 3766 vadum
513 3692 687 3788 principis
728 3701 849 3765 turma
883 3717 967 3803 cum
1003 3696 1167 3792 coriagiis

214 3819 413 3884 torrentem
437 3808 647 3907 praeterivit,
673 3832 886 3905 egressaque
909 3812 1041 3885 vallem
1065 3821 1166 3884 trans

215 3951 318 4022 sepes
351 3937 389 4001 et
422 3927 549 4013 fossas,
580 3927 773 4036 occupavit
807 3929 948 4014 collem,
975 3928 1041 4000 ubi
1073 3927 1168 4002 inter

214 4041 374 4136 virgulta
396 4033 550 4118 faciliter
575 4025 826 4118 occultabatur
852 4042 923 4115 loci
951 4041 1165 4130 munitione,

213 4157 382 4232 hostibus
408 4159 516 4233 altior
543 4159 772 4235 incumbens
823 4158 1035 4255 Campus,
1025 4182 1066 4232 111
1094 4183 1169 4256 quo

215 4273 419 4351 residebant
441 4285 574 4354 nostra
596 4274 714 4372 prima
736 4275 967 4372 secundaque
989 4274 1195 4362 custodia,

678 4416 701 4462 ιι
