3136 5016
383 642 432 712 20
641 663 867 710 cnaonnoon
888 663 1071 710 11111111

382 788 519 862 Christi
543 787 590 860 83
616 789 817 861 secundum
835 787 1026 861 Isidorum.
1082 787 1234 860 Summa
1251 813 1335 862 vero

382 928 561 977 annorum
587 905 707 976 5138:
740 913 978 976 veruntamen
1006 903 1210 976 secundum
1239 902 1334 977 Oro·

382 1022 489 1108 sium,
514 1021 574 1094 cui
601 1022 757 1094 maxime
784 1022 1006 1094 concordant
1033 1020 1080 1096 70
1107 1022 1334 1119 interpretes,

382 1139 492 1210 5119.
545 1138 594 1211 Et
621 1139 721 1211 istud
748 1139 991 1212 communiter
1016 1148 1171 1211 tenetur.
1225 1138 1336 1212 Sexta

382 1268 480 1345 aetas,
517 1283 597 1354 quae
631 1282 730 1331 nunc
764 1257 895 1353 agitur,
931 1257 1060 1354 incipit
1093 1281 1115 1330 a
1147 1259 1335 1330 nativitate

382 1375 531 1462 Christi,
550 1375 718 1448 videlicet
740 1399 835 1447 auno
853 1374 898 1446 ab
916 1373 1052 1469 origine
1074 1373 1201 1445 mundi
1224 1375 1334 1458 5119,

382 1492 583 1564 secundum
601 1489 775 1564 Orosium
795 1500 831 1563 et
853 1490 998 1562 durabit
1020 1512 1136 1584 usque
1158 1490 1203 1560 ad
1225 1489 1335 1560 finem

380 1609 520 1696 mundi,
536 1618 572 1681 et
590 1609 754 1680 continet
771 1629 886 1702 usque
903 1605 950 1677 ad
966 1614 1181 1700 praesentem
1199 1629 1336 1678 annum

381 1723 564 1796 exclusive
586 1720 692 1792 1336.
746 1719 931 1791 Numerus
952 1720 990 1791 in
1011 1720 1082 1792 isto
1104 1720 1222 1817 primo
1240 1745 1334 1792 mar-

382 1839 464 1934 gine
490 1837 658 1932 scriptus,
686 1843 741 1907 est
767 1859 947 1907 annorum
974 1837 1019 1908 ab
1045 1837 1182 1931 origine
1208 1836 1335 1908 mundi

381 1953 664 2050 praecedentium
681 1960 783 2046 gesta
799 1950 1007 2024 immediate
1025 1952 1240 2049 subscripta.
1265 1977 1268 1984 ·

432 2069 619 2141 Numerus
646 2067 684 2138 in
710 2066 870 2139 secundo
896 2068 1059 2163 margine
1085 2067 1255 2164 scriptus
1280 2077 1336 2140 est

382 2207 559 2257 annorum
577 2183 621 2256 ab
639 2183 743 2255 initio
768 2182 895 2254 mundi
921 2184 1150 2278 sequentium
1173 2193 1273 2279 gesta
1294 2184 1334 2255 in

381 2300 514 2396 pagina
530 2308 704 2396 sequente
721 2299 867 2372 inserta.

432 2417 532 2489 Anni
555 2418 600 2490 ab
622 2416 759 2512 origine
776 2416 906 2488 mundi
924 2415 1126 2488 secundum
1145 2414 1332 2504 Orosium,

382 2535 442 2609 cui
465 2535 687 2607 concordant
712 2531 759 2607 70
783 2534 1010 2630 interpretes
1029 2555 1144 2628 usque
1170 2532 1216 2606 ad
1242 2543 1334 2607 tem-

381 2676 451 2748 pus
468 2675 627 2748 praesens
831 2649 941 2722 6546.

432 2773 542 2845 3819.
579 2768 638 2840 Ab
656 2768 814 2841 adventu
832 2766 939 2839 Bruti
956 2768 1065 2864 primi
1082 2768 1176 2864 regis
1193 2767 1335 2861 Angliae

368 2887 422 2958 ,in
440 2885 624 2980 Angliam.

431 3001 542 3071 4032.
571 2999 630 3070 Ab
648 2999 752 3070 obitu
770 2998 933 3092 ejusdem
951 3021 1065 3093 quum
1083 3009 1268 3094 regnasset
1284 3002 1334 3070 33

382 3115 499 3199 11111,
527 3123 564 3184 11
595 3122 801 3207 generasset
829 3121 902 3184 tres
929 3112 1023 3185 filios
1051 3114 1217 3209 inclytos,
1245 3140 1334 3212 quo-

382 3254 465 3302 rum
499 3229 639 3324 primus
670 3227 859 3313 Locrinus,
891 3236 976 3323 post
1006 3229 1193 3303 decessum
1222 3233 1335 3328 patris

382 3346 546 3442 regnavit
593 3344 632 3417 in
676 3344 820 3438 Anglia,
871 3347 1052 3419 secundus
1098 3347 1254 3421 Camber
1297 3350 1336 3422 in

384 3463 529 3548 Wallia,
565 3471 601 3533 et
643 3460 783 3545 tertius,
819 3460 988 3536 videlicet
1021 3462 1257 3552 Albanactus,
1297 3466 1336 3537 in

383 3574 818 3652 Scotia--2547.

433 3695 493 3766 Ab
534 3692 624 3766 urbe
667 3692 864 3766 Londoniae
899 3697 1045 3769 condita
1080 3721 1145 3793 per
1180 3697 1336 3770 eundem

383 3811 553 3896 Brutum,
586 3835 696 3906 quam
730 3810 1006 3900 Trinovautum,
1041 3814 1079 3885 id
1113 3824 1168 3888 est
1202 3839 1335 3888 novam

385 3927 534 4022 Trojam
552 3927 778 4022 nuncupavit
980 3929 1090 4000 2000.

432 4045 544 4114 4481.
572 4041 630 4113 Ab
648 4043 738 4114 urbe
755 4042 922 4115 Romana
939 4044 1087 4116 condita
1110 4068 1176 4140 per
1197 4046 1334 4119 Romu·

382 4163 460 4234 lum
477 4166 513 4231 et
532 4157 690 4229 Remum
706 4158 835 4231 fratres
854 4160 1036 4254 gemellos.

432 4278 544 4349 4858.
573 4274 777 4346 Alexander
802 4273 957 4348 Macedo
985 4300 1059 4363 rex,
1088 4301 1240 4373 magnus
1266 4278 1333 4350 im·
