3118 5008
226 617 301 666 ΑΛ).
322 592 446 687 1327.]
479 620 524 669 uu
544 619 671 668 sauna
690 619 737 668 nu
757 573 996 670 swrusaorru.
1105 601 1175 674 10³

224 745 349 840 sigillis
381 769 575 843 procerum
609 757 646 820 et
678 750 912 844 praelatorum
942 750 1039 823 illius
1072 752 1174 847 regni
1213 777 1216 782 ·

222 859 338 934 fuerat
363 863 481 935 eidem
506 863 640 938 chartea
665 888 880 962 appensum,
908 865 948 938 in
974 875 1174 961 conspeetu

223 978 460 1052 conciliorum
495 980 685 1076 utriusque
727 983 841 1078 regni,
876 1006 986 1078 super
1026 982 1173 1078 longam

221 1091 364 1166 hastam
396 1104 587 1190 apportata
626 1105 733 1191 atque
772 1090 879 1183 lecta,
916 1096 987 1170 fuit
1023 1098 1172 1172 omuino
1206 1153 1208 1158 ,

220 1219 401 1295 revocata,
432 1221 469 1282 et
504 1235 627 1284 coram
657 1213 825 1286 omnibus
856 1214 1047 1286 combusta
1075 1215 1173 1310 apud

94 1423 97 1429 f
220 1321 458 1411 Berewioum,
485 1326 548 1398 ubi
577 1326 795 1423 desponsata
825 1350 947 1399 sorore
976 1329 1069 1423 regis
1096 1328 1173 1401 Au·

220 1439 312 1534 gllaa,
342 1439 412 1512 fuit
441 1451 646 1529 coronatus,
675 1452 711 1515 et
740 1443 884 1516 oblatus
913 1444 1018 1516 altari
1051 1443 1173 1538 ipsum

218 1557 413 1629 maculavit
440 1581 486 1629 ex
514 1558 726 1653 dysenteriis
754 1583 844 1655 quas
871 1561 1047 1655 parvulus
1077 1560 1171 1656 pati-

219 1671 357 1758 ebatur,
371 1673 468 1744 unde
483 1673 631 1768 quidam
648 1672 854 1760 Sootorum,
869 1672 894 1745 J
896 1674 1030 1748 aeobus
1047 1673 1173 1771 Doug-

170 1833 175 1837 -
218 1787 283 1872 las,
303 1786 395 1859 dixit
420 1787 496 1862 suis
519 1788 659 1876 amicis,
680 1788 869 1861 “Timeo''
896 1788 1064 1884 inquiens
1091 1794 1172 1862 “ne

218 1901 286 1976 iste
301 1911 423 1976 totum
439 1927 593 2000 regnum
612 1903 742 1978 Scotiae
761 1905 807 1978 sit
827 1904 1066 1977 foedaturus.''
1094 1903 1170 1979 Vo-

218 2018 366 2091 cabatur
379 2020 423 2092 ab
437 2019 499 2092 illo
517 2043 604 2092 casu
621 2045 644 2092 a
659 2021 996 2116 blasphemantibus
1014 2019 1170 2094 “David

217 2131 311 2229 Dryt
344 2134 510 2208 hantes.''
563 2136 742 2210 Omnium
775 2162 903 2232 regum
934 2107 1066 2210 Scoti’ae
1101 2137 1170 2212 iste

215 2251 355 2346 primus
372 2251 441 2324 fuit
458 2254 539 2324 oleo
557 2261 683 2325 sancto
700 2262 898 2348 perunctus
920 2254 959 2324 in
980 2251 1047 2325 sua
1066 2277 1169 2327 aoro-

215 2367 371 2441 natione.
425 2368 613 2440 Petierunt
632 2367 731 2440 Sooti
755 2369 794 2440 in
808 2369 1056 2464 parliamento
1073 2367 1170 2442 Ebo-

213 2485 300 2569 raci,
328 2484 426 2578 quod
450 2484 542 2580 lapis
570 2484 639 2556 iste
665 2483 822 2579 grandis,
850 2483 914 2580 qui
936 2483 1043 2578 juxta
1068 2507 1169 2579 mag-

214 2625 305 2673 num
328 2600 439 2675 altare
462 2600 500 2672 in
517 2599 857 2685 westmonasterio,
882 2600 950 2672 sub
973 2599 1085 2694 regali
1111 2623 1169 2673 ca-

213 2715 342 2788 thedra
383 2716 547 2810 ligaturis
580 2714 704 2787 ferreis
738 2714 897 2786 eoelesiae
931 2713 1168 2787 fundamento

213 2832 453 2918 incatenatur,
472 2855 708 2928 superquam
730 2832 895 2904 solebant
915 2854 1018 2925 reges
1040 2828 1168 2902 Scoto-

213 2972 297 3020 rum
313 2947 561 3036 inthronizari,
581 2957 618 3021 et
634 2948 716 3020 ideo
733 2955 886 3020 vocatur
902 2947 1021 3042 regale
1039 2945 1167 3020 Scoto-

214 3088 307 3150 rum,
331 3063 424 3136 soret
447 3064 498 3136 eis
520 3065 705 3151 liberatus
724 3072 766 3137 ut
790 3087 900 3159 super
925 3063 1047 3159 ipsum
1072 3061 1167 3136 anti-

213 3204 285 3274 quo
327 3203 427 3252 more
461 3204 570 3253 suum
602 3203 725 3276 regem
759 3188 908 3276 possent
942 3201 1162 3252 consecrare.

213 3293 288 3367 Illis
311 3294 381 3367 hoc
403 3297 610 3391 petentibus
628 3295 821 3369 consilium
844 3295 938 3390 regis
962 3294 1162 3382 assentivit,

211 3411 308 3483 unde
325 3411 445 3483 nuntii
462 3414 628 3484 solennes
645 3435 711 3509 pro
728 3410 849 3507 lapide
869 3410 1079 3496 mittuntur,
1100 3411 1164 3483 sed

209 3527 319 3599 abbas
336 3525 662 3612 westmonasterii,
684 3526 822 3598 nuntiis
848 3526 994 3612 auditis,
1017 3525 1163 3621 scripsit

208 3642 286 3739 regi
309 3651 346 3716 et
371 3642 538 3728 concilio,
560 3643 658 3738 quod
679 3640 771 3739 lapis
798 3642 867 3713 iste
890 3643 1074 3737 quondam
1096 3665 1163 3739 per

208 3783 318 3833 avum
340 3782 464 3854 regem
486 3757 703 3831 Edwardum
727 3758 773 3830 de
797 3756 931 3844 Sintia,
950 3757 1090 3854 magnis
1108 3758 1160 3832 la·

208 3874 355 3948 boribus
376 3875 566 3961 abductus,
585 3883 621 3948 et
644 3873 804 3947 ecolesiae
821 3896 896 3946 suae
913 3873 1043 3947 devote
1060 3873 1160 3946 obla-

209 3996 279 4076 tus,
308 4013 383 4062 uon
415 3999 540 4086 posset
570 4013 637 4063 neo
667 3991 813 4064 deberet
842 3991 888 4063 ab
917 3989 1069 4063 ecclesia
1096 3987 1160 4061 illa

207 4105 399 4202 deportari.
463 4104 559 4178 Cum
593 4107 656 4180 tali
690 4105 925 4203 responsione
959 4102 1079 4175 nuntii
1111 4102 1159 4175 ad

208 4220 337 4294 Sootos
360 4229 446 4294 sunt
469 4222 546 4296 sine
569 4221 688 4319 lapide
710 4221 855 4295 reversi.
909 4218 984 4292 Ista
1006 4239 1156 4314 sponsa-
