3118 5008
403 630 451 702 94
654 648 881 698 csnorucou
900 648 1083 697 anisium
1142 625 1354 717 [surana.

401 778 512 851 etiam
532 777 823 874 conspiratorum
844 776 971 872 sigillis
991 777 1173 850 munitam
1193 779 1231 850 in
1254 781 1356 854 testi-

402 895 576 982 monium,
612 896 657 967 de
691 895 855 992 ipsorum
890 916 1071 966 consensu
1104 895 1156 967 eis
1190 899 1357 970 ostenda

365 1054 370 1066 κ
401 1019 498 1082 runt.
568 1011 772 1108 Epistulam
812 1010 1006 1106 episcopus
1046 1035 1121 1083 non
1161 1015 1353 1100 recusavit,

402 1129 464 1200 sed
505 1152 609 1202 suam
649 1139 685 1202 et
725 1129 880 1200 aliorum
914 1127 1166 1216 confitebatur,
1203 1130 1266 1202 sed
1283 1131 1354 1202 'in-

400 1248 667 1341 terpretabatur
700 1246 798 1318 illam
829 1245 876 1317 ad
904 1268 1052 1317 sensum
1081 1245 1290 1318 innocentia
1319 1256 1356 1319 et

400 1361 573 1436 fidelitate
593 1362 869 1458 impregnatam,
887 1362 950 1432 sed
967 1361 1067 1456 ipsos
1085 1370 1270 1457 tamquam
1289 1363 1354 1434 sal-

400 1503 460 1551 sos
478 1503 624 1552 suarum
641 1477 828 1551 literarum
844 1477 1068 1572 expositores
1092 1460 1128 1550 et
1151 1478 1354 1552 innocentis

399 1596 618 1668 auctoritate
658 1593 805 1689 propria
838 1594 954 1664 malos
988 1601 1211 1680 tractatores,
1246 1594 1354 1666 minis

400 1712 620 1785 terribilibus
643 1718 680 1782 et
705 1710 794 1806 ipsis
820 1709 859 1781 in
884 1709 1008 1805 lugam
1032 1710 1179 1797 coactis
1198 1711 1354 1807 affligere

400 1852 475 1900 non
491 1828 664 1901 cessabat.

449 1941 540 2015 Haec
575 1942 620 2015 de
653 1941 757 2015 litera
791 1942 1038 2038 sophisticata.
1100 1942 1158 2014 Ad
1193 1951 1353 2016 castrum

398 2055 702 2151 praenominatum
723 2056 855 2128 ductus
876 2054 1046 2128 dominus
1066 2054 1265 2128 Edwardus
1287 2080 1354 2151 per

399 2170 588 2244 dominum
616 2171 712 2246 feodi
738 2170 919 2245 Thomam
947 2171 991 2244 de
1021 2171 1210 2243 Berkeleia
1236 2171 1354 2244 fuerat

397 2287 604 2362 humaniter
633 2296 670 2361 et
703 2287 858 2383 benigne
892 2296 1059 2383 receptus
1093 2295 1129 2358 et
1163 2295 1351 2371 tractatus,

398 2402 462 2475 sed
484 2412 568 2499 post
592 2403 838 2500 receptionem
861 2403 1035 2498 epistolae,
1060 2401 1224 2497 praedicti
1250 2426 1350 2476 exer-

398 2529 553 2595 cuerunt
568 2530 723 2596 tortores
741 2520 909 2594 Edwardi
931 2520 1003 2593 illis
1026 2519 1262 2593 commissam
1284 2545 1349 2616 po-

397 2645 566 2710 testatem
600 2638 644 2711 de
677 2638 794 2712 tutela
823 2636 943 2708 castri.
997 2635 1155 2710 Jubetur
1184 2635 1349 2730 protinus

396 2750 556 2826 Thomas
587 2752 631 2826 de
660 2753 861 2848 Berkeleya
891 2751 1029 2824 nullam
1059 2775 1143 2824 cum
1173 2749 1350 2824 Edwardo

396 2867 528 2942 habere
548 2868 841 2952 familiaritatem,
861 2868 966 2962 cujus
993 2891 1066 2938 non
1090 2867 1208 2940 solum
1230 2866 1348 2963 poeni·

396 2992 488 3068 tens,
507 2984 570 3056 scd
587 2983 814 3058 verecundus
832 2982 931 3076 quod
952 2983 1020 3056 sibi
1042 2981 1113 3056 fuit
1132 2983 1348 3078 denegatum

395 3097 511 3170 lacere
529 3098 627 3192 quod
647 3097 766 3182 vellet,
785 3105 822 3168 et
845 3097 944 3192 quod
967 3105 1072 3169 antea
1096 3098 1140 3170 de
1159 3099 1241 3192 jure
1263 3099 1347 3174 lice·

395 3221 461 3298 ret,
493 3212 641 3287 domino
670 3211 848 3284 Eduardo
877 3211 1033 3282 finaliter
1063 3235 1149 3284 cum
1183 3215 1347 3310 suspiriis

395 3329 563 3414 salutato,
581 3328 627 3400 ad
644 3327 713 3398 alia
729 3350 797 3400 sua
811 3327 892 3400 loca
909 3326 1190 3422 transmigravit.
1243 3330 1347 3404 Tunc

393 3444 529 3539 incepit
563 3443 731 3518 Edwardi
769 3443 1059 3519 consummativa
1100 3446 1345 3540 persequutio,

394 3560 555 3656 adusque
571 3562 628 3634 sui
645 3567 802 3636 mortem
819 3545 1042 3634 continuata.
1096 3561 1219 3636 Primo
1245 3586 1345 3635 nem-

392 3701 438 3772 pe
464 3678 646 3754 reclusum
675 3679 714 3752 in
741 3701 885 3752 camera
905 3677 1089 3752 tutissima
1111 3702 1176 3773 per
1201 3678 1345 3754 exhala·
1411 3711 1416 3720 ·

392 3794 530 3870 tionem
572 3797 789 3871 cadaverum
822 3796 862 3868 in
896 3795 1109 3870 subcellario
1142 3795 1345 3891 positorum

391 3911 511 4006 ipsum
529 3920 713 3986 torserunt
729 3935 794 4006 per
811 3911 948 3986 multos
962 3911 1037 3986 dies
1050 3935 1158 4008 poene
1171 3934 1285 4006 usque
1299 3911 1344 3984 ad

392 4028 679 4104 suffocationem.
733 4028 843 4102 Unde
863 4029 1032 4103 foetorem
1052 4030 1156 4103 illum
1177 4029 1345 4101 intolera-

390 4145 501 4220 bilem
524 4144 635 4221 luisse
658 4169 807 4240 poenam
831 4147 1028 4220 maximam
1051 4169 1159 4241 quam
1183 4169 1345 4240 unquam

392 4262 578 4349 sustinuit,
610 4263 654 4334 ad
685 4262 878 4338 fenestram
914 4286 1064 4338 camerae
1099 4285 1173 4336 una
1206 4262 1345 4335 dierum
