3136 5016
385 597 433 668 82
637 617 862 668 onaomcon
882 616 1066 664 oninium
1099 609 1102 612 ·
1124 593 1336 684 [Λ.υ.1326.

384 743 517 830 divisit,
536 752 572 816 et
593 766 680 814 cum
700 742 778 837 ejas
798 766 872 816 una
892 751 993 837 parte
1015 740 1116 813 misit
1134 741 1336 813 Henrioum

386 859 558 933 comitem
584 856 788 934 Laicestriae
814 868 851 932 et
881 857 1096 953 magistrum
1124 855 1263 928 Rasum
1290 881 1336 952 ap

384 974 513 1047 Howel
543 975 726 1060 clericum,
758 975 903 1048 natione
932 973 1141 1059 Wallicnm,
1173 996 1337 1068 compre-

383 1091 539 1166 hendere
557 1114 689 1186 regem,
709 1099 747 1163 et
766 1091 835 1164 sibi
854 1090 1087 1164 adhaerentes
1139 1088 1337 1161 Praedictus

384 1230 506 1285 comes
530 1216 606 1279 erat
628 1230 821 1300 germanus
847 1230 942 1302 saepe
968 1204 1144 1278 nominati
1164 1213 1201 1277 et
1223 1203 1337 1276 haeres

384 1323 527 1396 comitis
552 1322 702 1396 Thomae
728 1322 959 1408 Lanoastriae,
980 1331 1017 1395 et
1041 1323 1110 1394 iste
1135 1321 1253 1393 Resus
1279 1343 1334 1392 se*

384 1463 468 1520 cum
494 1439 638 1524 missus,
664 1439 848 1533 quondam
870 1437 1012 1533 justitia
1037 1438 1148 1533 regati
1173 1436 1211 1507 in
1236 1446 1336 1509 turre

383 1551 583 1629 Londoniae
617 1553 860 1628 incarceratus
890 1562 977 1638 erat,
1010 1553 1073 1625 sed
1105 1577 1171 1649 per
1204 1551 1337 1646 reginae

384 1669 585 1764 potentiam
613 1691 688 1743 suae
713 1668 871 1743 libertati
901 1668 1102 1741 restitutus.
1155 1667 1248 1739 Tam
1274 1691 1335 1738 co·

385 1807 462 1858 mes
496 1781 691 1878 praedictus
725 1806 835 1876 quam
868 1781 937 1854 iste
972 1782 1088 1854 Rasna
1130 1782 1337 1854 habuerunt

384 1898 627 1992 possessiones
651 1905 688 1968 et
710 1898 831 1992 ampla
849 1897 1018 1982 dominia,
1034 1897 1140 1991 juxta
1156 1897 1280 1969 locum
1298 1897 1337 1968 in

385 2037 457 2108 quo
483 2036 546 2083 rex
570 2011 748 2098 latitabat,
764 2012 913 2107 ‘fuitque
937 2021 1111 2108 praeterea
1136 2012 1233 2086 Raso
1258 2021 1338 2086 tota

384 2125 627 2224 patria'valde
648 2137 746 2202 nota.
800 2127 968 2226 Praedicti
987 2129 1144 2202 finaliter
1161 2153 1283 2204 comes
1301 2139 1338 2203 et

294 2279 296 2283 v
384 2243 548 2330 clericae,
570 2267 645 2323 non
668 2244 745 2318 sine
767 2268 907 2340 magnae
930 2245 1093 2340 pecuniae
1116 2245 1335 2331 interventu,

388 2359 552 2433 Wallicis
586 2361 779 2456 cormptiS,
812 2383 933 2455 rogem
967 2360 1005 2434 in
1038 2361 1258 2434 monasterio
1293 2361 1338 2434 de
1376 2393 1381 2403 ·

385 2467 498 2564 Neth,
530 2476 727 2572 Hngonem
756 2476 963 2571 Desponser
992 2475 1121 2563 filium,
1153 2478 1337 2550 desertum

386 2617 453 2689 pro
480 2592 573 2688 fugae
600 2593 768 2689 praesidio
797 2601 1056 2687 capessentem,
1083 2618 1149 2688 per
1173 2595 1337 2689 explora·

359 2749 362 2754 ·
385 2718 482 2781 tores
501 2707 675 2781 Wailicos
692 2709 920 2782 invenerunt.
968 2709 1096 2804 Captis
1114 2708 1226 2804 igitur
1241 2732 1336 2804 rege,

388 2824 546 2920 Hugone
570 2824 743 2920 praedicto
769 2824 903 2898 comite
927 2824 1176 2911 Gloucestriae,
1204 2825 1336 2919 magis-

385 2950 443 3016 tro
460 2940 620 3013 Roberto
638 2940 682 3012 de
699 2938 853 3026 Baldok‚
872 2950 908 3015 et
927 2939 1075 3015 Simone
1100 2941 1144 3012 de
1157 2940 1338 3035 ,Redinga

386 3057 464 3132 aliis
489 3055 566 3128 sine
591 3081 678 3130 cura
700 3057 794 3152 fuga
816 3057 985 3144 dimissis
1005 3058 1178 3132 custodiae
1195 3057 1338 3129 comitis

387 3171 590 3252 Leicestriae
629 3197 704 3258 rex,
739 3173 953 3247 auctoritate
997 3173 1140 3247 concilii
1178 3172 1340 3268 episcopi

387 3287 676 3364 Herefordiensis
703 3288 988 3376 commendatus,
1012 3288 1059 3360 ad
1085 3288 1339 3360 Kenelworthe

387 3413 547 3479 castrum
573 3414 628 3477 ost
653 3403 844 3490 adductus,
862 3405 927 3478 ubi
951 3429 1017 3501 per
1041 3414 1157 3478 totam
1179 3404 1337 3478 hiemem

388 3521 426 3593 in
460 3521 547 3603 satis
581 3522 734 3594 honesta
763 3521 897 3598 mansit
925 3521 1109 3608 comitiva,
1139 3545 1207 3594 nec
1236 3521 1341 3593 aliter

389 3660 498 3732 quam
534 3637 696 3733 oportuit
738 3661 860 3731 regem
903 3637 1088 3733 captivum
1122 3635 1338 3709 custoditus.

388 3752 539 3848 Regina,
563 3763 605 3826 ut
630 3754 845 3848 pradictum
871 3762 938 3840 est,
965 3753 1063 3848 apud
1088 3751 1340 3827 Herefordiam

389 3893 474 3942 cum
514 3869 688 3964 magistro
721 3870 834 3942 totins
869 3893 943 3944 suae
975 3866 1133 3952 malitias,
1169 3867 1340 3962 episcopo

390 3985 527 4059 scilicet
563 3985 669 4063 istius
712 3983 869 4062 civitatis
904 3983 1078 4057 exercitui
1111 3982 1339 4077 praesidente,

390 4101 608 4175 Edmundus
634 4122 756 4175 comes
780 4097 1003 4184 D’Arundel‚
1025 4097 1185 4175 Joannes
1211 4094 1342 4174 Daniel

390 4229 425 4292 et
452 4219 612 4292 Thomas
640 4215 863 4291 Miceldenre
894 4215 940 4286 ad
970 4215 1181 4290 instantiam
1200 4214 1342 4310 „Rogeri
