3118 5008
218 575 293 682 riu.
313 613 436 706 1326]
478 639 522 686 aa
542 639 669 725 aaran
688 640 735 688 na
756 640 995 692 swruauorrr.
1117 622 1164 697 97

215 747 522 856 ponderositatem
543 766 682 861 experti
704 778 894 841 noverunt.
947 769 1088 842 Eodem
1108 771 1166 843 die

215 885 287 950 tres
313 878 378 951 filii
404 879 536 976 Rogeri
562 881 606 953 de
632 881 783 978 Mortuo
806 885 897 956 mari
923 893 1032 981 atque
1057 887 1164 959 multi

213 993 273 1065 alii
290 995 427 1068 militiae
445 997 590 1093 cingulo
608 997 757 1071 fuerunt
773 999 942 1073 decorati.
960 1011 962 1016 '

262 1109 346 1184 Hoc
372 1136 467 1184 anno
491 1113 529 1184 in
551 1112 674 1208 vigilia
697 1115 812 1187 sancti
837 1114 982 1188 Nicolai
999 1116 1069 1189 suit
1085 1141 1160 1190 ma-

210 1225 322 1320 gister
343 1225 504 1300 Jacobus
526 1228 570 1299 de
595 1228 795 1324 Berkeleya
817 1231 1043 1304 concorditer
1067 1235 1160 1306 eleo·

208 1349 271 1413 tus
301 1341 340 1413 in
369 1342 581 1439 episcopum
609 1342 865 1431 Exoniensem,
897 1354 934 1418 et
966 1345 1160 1420 Dominica

207 1457 328 1530 media
358 1455 651 1553 Quadragesimae
679 1457 885 1542 Cantuariae
915 1471 1158 1535 consecratus.

205 1571 294 1645 Post
311 1574 583 1648 coronationem
600 1598 704 1648 suam
722 1599 839 1648 novus
864 1601 928 1648 rex
948 1576 1158 1666 Edwardus,

206 1688 316 1784 hujus
342 1687 655 1764 nominis'tertius
685 1702 769 1786 post
797 1702 1038 1788 conquestum
1063 1693 1160 1766 Nor·

207 1829 436 1893 marmorum,
472 1831 557 1881 cum
594 1817 711 1880 matre
745 1832 812 1880 sua
846 1817 882 1881 et
916 1809 1159 1905 stipendiariis

206 1923 285 2018 ejus
327 1923 521 2019 praedictis,
567 1933 786 2020 congregato
829 1948 961 2021 magno
999 1927 1160 2000 exercitu

206 2063 332 2112 versus
361 2039 522 2114 Scotiam
552 2041 799 2127 transmeavit,
828 2066 912 2114 cum
939 2066 1011 2137 quo
1036 2042 1159 2138 plures

205 2153 350 2228 iverunt
370 2156 486 2254 magis
503 2156 707 2229 voluntarie
732 2182 843 2252 quam
871 2158 994 2231 invite.
1048 2160 1159 2256 Apud

206 2268 412 2343 Eboracum
439 2270 599 2345 exercitu
627 2269 803 2366 profecto,
829 2272 899 2344 suit
917 2275 1043 2367 ,gravis
1071 2299 1158 2348 con-

204 2383 325 2456 flictus
346 2384 440 2457 inter
457 2385 554 2458 cives
571 2383 818 2458 Eboracenses
836 2394 873 2458 et
892 2386 1156 2476 HanonienseS,

203 2499 332 2594 inquo
357 2499 482 2570 multis
504 2498 643 2572 civibus
661 2500 705 2571 de
722 2510 829 2573 nocte
846 2502 1031 2595 peremtis,
1050 2512 1158 2599 atque

203 2616 354 2690 civitate
379 2613 514 2710 partim
541 2613 699 2700 incensa,
727 2599 810 2710 post
836 2615 1067 2698 reformatam
1093 2644 1157 2716 pa-

202 2757 285 2804 cem
302 2729 599 2802 Hanoniensibus
617 2728 726 2803 nimis
743 2730 988 2817 favorabilem,
1007 2733 1052 2805 ad
1075 2759 1156 2831 par-

202 2859 258 2922 tes
294 2847 430 2920 Scotiae'
456 2846 655 2919 exercitum
685 2857 887 2943 promovet,
917 2872 1024 2943 quem
1059 2852 1157 2946 apud

202 2961 481 3058 Stannopparke
510 2961 610 3034 Seoti
637 2972 887 3058 expectamnt,
916 2974 952 3037 et
979 2965 1064 3037 licet
1092 2990 1153 3039 ex-

200 3079 333 3152 ercitus
361 3077 567 3172 Anglorum
596 3077 724 3152 fuisset
753 3077 946 3151 Scotorum
975 3080 1012 3151 in
1043 3081 1153 3178 triplo

200 3196 327 3290 major,
362 3204 399 3267 et
434 3195 599 3268 omnium
629 3194 768 3290 judicio
811 3196 940 3291 majori
981 3196 1151 3271 finnitate

199 3314 436 3410 compositus,
471 3320 632 3386 attamen
663 3312 764 3385 Scoti
793 3313 1030 3409 permissione
1061 3341 1150 3412 quo-

199 3431 353 3502 rundam
376 3453 592 3524 magnorum
615 3429 821 3523 proditione
844 3454 928 3502 cum
951 3430 1040 3526 ipsis
1063 3456 1149 3504 con-

198 3545 470 3630 foederatorum,
497 3544 575 3616 sino
601 3545 696 3616 scitu
722 3545 923 3616 amicorum
953 3547 1046 3640 regis
1073 3547 1149 3619 An-

198 3662 278 3758 gliae
295 3661 342 3733 ad
360 3683 426 3732 sua
443 3660 520 3732 sino
535 3659 681 3732 laesione
703 3669 790 3732 sunt
812 3644 956 3740 reversi.
1009 3662 1088 3735 Rex
1110 3665 1148 3738 in

197 3778 380 3874 Angliam,
405 3801 490 3849 cum
517 3776 625 3849 debili
651 3776 830 3872 principio
856 3778 1041 3851 meliorem
1068 3805 1147 3874 gra-

196 3895 285 3968 tiam
326 3916 560 3990 praecessuro,
604 3915 781 3978 reversuS,
817 3891 1069 3966 Hanonienses
1111 3905 1148 3967 et

196 4011 285 4083 alios
303 4009 553 4106 stipendiarios
571 4009 618 4081 ad
634 4032 718 4082 suas
735 4018 855 4105 partes
873 4009 1023 4095 remisit,
1046 4033 1152 4104 mag-w

195 4151 281 4199 nam
306 4126 498 4222 pecuniam
527 4134 563 4197 et
592 4127 709 4198 multa
734 4125 866 4219 jocalia
895 4123 1048 4196 delicata
1077 4123 1145 4195 sibi

195 4239 290 4327 data,
308 4265 432 4312 secum
450 4239 660 4312 deferentes.

602 4410 604 4414 .
660 4379 683 4424 o
