3118 5008
241 623 450 716 s.n.l346.]
494 647 541 696 ra
559 647 688 696 sarna
705 644 753 694 nr
773 643 1014 697 swrusaorrr.
1120 623 1190 698 167

239 774 366 860 cando,
401 774 497 846 ictus
533 773 695 869 objectos
736 775 935 869 prudenter
968 773 1190 861 frustrando,

238 909 323 962 suos
361 888 535 984 juvando,
579 889 741 986 seipsum
784 890 1022 976 defendendo,
1054 889 1191 964 cuncos

239 1012 438 1101 prostratos
455 1005 637 1102 erigendo,
651 1015 688 1079 et
705 1007 780 1079 suis
797 1007 966 1082 omnibus
983 1007 1191 1104 exemplum

238 1121 484 1195 benefaciendi
525 1121 741 1209 exbibenda,
777 1145 845 1196 nec
878 1145 901 1196 a
934 1132 1036 1198 muto
1068 1124 1199 1197 labore

239 1239 460 1333 conquievit,
495 1260 685 1334 quousque
718 1238 856 1311 inimici
889 1261 1018 1334 aggere
1052 1247 1191 1311 mortu·

239 1377 348 1427 orum
365 1353 496 1427 muniti
514 1354 651 1450 seipsos
668 1363 861 1427 retraxere.
915 1353 972 1428 Ibi
988 1354 1115 1428 didicit
1131 1355 1192 1428 ille

239 1470 405 1542 militaris
435 1471 553 1544 honor
581 1472 764 1568 quomodo
791 1473 928 1545 bellum
954 1471 1000 1544 de
1026 1471 1190 1559 Poitiers,

238 1587 277 1658 in
303 1609 375 1683 quo
400 1587 636 1683 postmodum
661 1609 782 1684 regem
804 1587 965 1662 Franciae
983 1586 1195 1685 captivavit,

240 1711 343 1776 actus
377 1701 548 1778 militares
582 1714 754 1802 expertus
788 1704 982 1778 ordinaret.
1044 1704 1089 1777 In
1122 1705 1193 1778 isto

240 1820 438 1893 certamine
474 1822 710 1917 perstiterunt
743 1823 918 1896 continue
950 1845 1036 1895 cum
1066 1821 1194 1917 juveni

240 1938 403 2035 principe
420 1949 547 2013 contra
567 1940 620 2012 illi
641 1941 749 2036 pauci
770 1939 928 2013 ordinati
944 1939 1035 2013 aciei
1055 1939 1193 2036 primae,

241 2078 333 2149 quos
353 2054 485 2130 Gallici
510 2058 638 2130 crebro
662 2056 890 2143 commutati,
909 2064 945 2129 et
970 2081 1038 2153 pro
1064 2056 1194 2129 occisis

240 2180 304 2243 aut
320 2171 423 2245 fessis
440 2195 505 2246 seu
521 2174 720 2246 vulneratis
745 2173 911 2247 retractis
928 2173 1015 2246 novi
1031 2181 1197 2246 recentes

240 2297 540 2382 supervenerunt,
561 2296 599 2359 et
621 2289 804 2360 continuis
827 2288 1031 2361 accessibus
1057 2289 1110 2362 ita
1134 2313 1194 2362 oc-

239 2414 422 2500 cuparunt
446 2404 646 2502 principem
670 2413 707 2476 et
730 2403 799 2476 sibi
818 2411 990 2490 astantes,
1007 2403 1107 2499 quod
1131 2428 1197 2498 per

242 2523 476 2615 ingruentem
499 2542 608 2616 super
630 2520 734 2592 illum
756 2521 889 2592 molem
912 2519 1086 2607 hostium,
1109 2527 1197 2593 tunc

242 2638 529 2734 compellebatur
548 2637 763 2733 genuflexus
783 2657 957 2733 pugnare,
1008 2636 1114 2710 Tunc
1133 2661 1198 2710 cu-

242 2755 355 2828 currit
377 2764 440 2829 aut
462 2754 637 2850 equitavit
661 2755 707 2826 ad
728 2777 852 2850 regem
875 2775 981 2826 suum
1004 2762 1145 2850 patrem
1161 2763 1199 2827 et

244 2881 371 2968 petens
394 2873 571 2945 auxilium
594 2867 763 2967 exposuit
785 2871 990 2967 perieulum
1010 2871 1109 2967 quod
1130 2871 1198 2944 im.

244 2981 488 3061 minabat'suo
504 2983 759 3084 primogenito,
773 2988 871 3059 unde
888 2986 1023 3060 missus
1042 3041 1197 3059 ......

242 3127 328 3175 cum
345 3105 395 3174 20
412 3101 588 3175 militibus
605 3102 643 3175 in
660 3102 835 3200 principis
852 3125 1079 3191 succursum,
1097 3102 1198 3176 inve·

244 3220 297 3292 nit
314 3221 436 3317 ipsum
453 3230 491 3294 et
507 3243 595 3293 suos
610 3221 745 3294 lanceis
767 3229 804 3294 et
828 3221 955 3316 gladiis
973 3220 1198 3319 appodiatus,

244 3362 352 3436 super
381 3347 524 3414 montes
554 3349 783 3413 mortuorum
812 3343 940 3436 longos
971 3339 1199 3436 respirationi

244 3466 279 3528 ct
297 3457 410 3551 quieti
427 3457 631 3543 inclinatos,
648 3458 773 3531 hostes
790 3468 965 3531 retractos
983 3465 1174 3554 expectare
1188 3488 1198 3543 ;

244 3572 296 3643 sic
314 3596 335 3643 a
352 3572 438 3644 solis
456 3593 721 3668 occasuusque
744 3575 791 3646 ad
812 3575 958 3646 tertiam
974 3573 1095 3646 noctis
1110 3595 1198 3668 que-

243 3689 409 3761 drantem
434 3687 738 3800 fueratnvicissim
764 3690 910 3763 horrida
935 3689 1066 3764 Martis
1090 3689 1199 3762 facies

243 3797 400 3893 ostensa,
419 3806 459 3878 in
476 3815 614 3902 quanto
638 3815 803 3902 tempore
827 3815 882 3880 ter
899 3804 1031 3880 Gallici
1054 3816 1199 3880 nostros

245 3924 537 3996 exclamaverunt
554 3917 746 4010 hostiliter,
764 3923 972 4020 quindecies
989 3923 1124 3996 nostris
1144 3922 1199 3993 in-

245 4038 381 4109 sultum
399 4039 588 4126 dederunt,
608 4041 673 4112 sed
689 4042 835 4114 tandem
856 4043 945 4114 victi
968 4041 1197 4133 aufugerunt.

246 4152 290 4223 In
317 4155 475 4227 crastino
501 4165 657 4250 quatuor
686 4159 780 4230 acies
811 4155 1022 4229 recentium
1040 4153 1199 4225 Gallico-

245 4292 327 4342 rum
357 4281 654 4366 supervenerunt,
681 4283 717 4345 et
747 4273 852 4370 quasi
886 4271 1029 4345 nullum
1064 4270 1200 4344 malum
