3110 5026
257 673 333 721 no.
351 647 474 740 1352]
504 670 549 720 ar
569 669 697 718 elasa
716 669 763 718 nr
783 667 1025 720 swrueeorrn.
1131 648 1221 720 213·

256 805 324 878 fuit
351 805 401 878 ibi
428 804 582 892 occisus,
611 803 675 902 qui
702 826 740 876 se
767 802 884 876 voluit
911 801 1020 875 alicui
1047 797 1206 889 reddere,

254 925 352 997 unde
378 924 451 997 fere
478 948 605 997 omnes
632 931 760 1020 postea
788 921 936 996 fuenrnt
965 929 1029 1014 aut
1057 946 1122 1018 per
1152 947 1209 995 re-

255 1042 502 1138 demptionem
525 1049 588 1114 aut
612 1041 935 1114 commutationem
960 1039 1115 1114 aliorum
1140 1065 1208 1137 pro

253 1157 325 1231 illis
350 1157 511 1231 liberati.
574 1156 712 1230 Eodem
747 1179 842 1228 anno
876 1179 986 1229 naves
1020 1155 1208 1252 Hispaniae

255 1293 341 1347 cum
375 1274 589 1347 auctoritate
606 1272 803 1346 tractandi
836 1272 881 1345 de
914 1295 1003 1369 pace
1027 1271 1214 1369 'Angliam

254 1390 522 1487 applicuerunt,
558 1388 652 1462 sicut
686 1412 783 1462 anno
816 1389 999 1485 praeterito
1037 1377 1112 1462 fuit
1144 1413 1215 1488 per¹

255 1509 401 1581 easdem
426 1508 554 1581 citatas
580 1517 617 1580 et
643 1507 806 1580 detentas
832 1506 1147 1603 compromissum,
1173 1517 1209 1581 et

255 1627 428 1700 ordinatae
459 1635 545 1699 sunt
574 1634 711 1722 treugae
741 1625 837 1697 inter
862 1623 1034 1719 Anglicos
1063 1633 1101 1698 et
1130 1625 1209 1699 illas
1336 1720 1343 1730 Ι

256 1746 305 1816 20
328 1744 432 1817 annis
456 1744 663 1816 duraturae.¹
702 1740 796 1814 Item
819 1741 1047 1837 interregna
1068 1741 1210 1837 Angliae

256 1868 291 1933 et
319 1858 480 1933 Franciae
510 1860 609 1932 initae
639 1867 725 1932 sunt
753 1867 888 1954 treugae
915 1881 1045 1931 annuae
1072 1858 1210 1932 duratia

200 2031 202 2036 ,
254 1977 346 2063 onie,
365 2000 454 2072 quas
479 1985 628 2073 propter
650 1974 859 2071 captionem
881 1975 991 2048 castri
1014 1971 1060 2048 de
1084 1973 1209 2073 Gynes

256 2090 386 2164 Gallici
413 2091 609 2188 fregerunt,
639 2091 734 2164 sicut
761 2091 883 2163 annali
908 2093 1077 2188 proximo
1107 2102 1211 2166 nota-

255 2216 326 2282 tur.
381 2207 451 2281 His
477 2209 587 2282 etiam
614 2208 839 2304 temporibus
863 2219 1047 2283 mutatum
1068 2220 1124 2284 est
1146 2235 1210 2284 au-

254 2349 336 2396 rum
373 2324 554 2420 optimum
592 2323 631 2395 in
667 2346 801 2395 novam
834 2347 979 2397 auream
1013 2336 1209 2416 monetam,

255 2441 445 2536 antiquum
462 2440 559 2512 enirn
576 2439 785 2512 notabiliter
800 2439 916 2512 valuit
935 2441 1033 2514 ultra
1052 2443 1211 2537 pretium

254 2566 431 2642 taxatum,
465 2565 502 2629 et
543 2556 625 2628 ideo
665 2555 875 2644 Lumbardi,
912 2557 1033 2630 caeteri
1066 2581 1212 2655 quoque

254 2681 473 2748 mercatores
507 2672 614 2745 alieni
647 2673 771 2768 ipsum
803 2682 969 2768 emptum
1002 2683 1210 2771 asportave-

254 2801 341 2865 runt
363 2790 407 2862 de
429 2813 553 2885 regno,
572 2788 619 2861 ad
638 2810 809 2882 magnam
829 2787 923 2883 regis
944 2796 981 2860 et
1004 2787 1118 2862 totius
1135 2789 1211 2862 An-

255 2909 336 3004 gliae
357 2909 551 3004 jacturam,
575 2904 636 2978 cui
661 2903 729 2977 fuit
756 2904 996 2977 remedialiter
1021 2906 1209 3001 provisum
1243 2936 1249 2948 ’

229 3029 318 3121 'per
347 3022 557 3120 praedictam
590 3021 924 3094 commutationem.
979 3021 1065 3095 Fuit
1098 3021 1209 3096 etiarn

253 3149 400 3214 moneta
428 3146 598 3235 argentea
625 3138 670 3210 de
700 3161 796 3210 novo
825 3136 1011 3225 fabricata,
1040 3137 1208 3214 videlicet

253 3281 400 3354 grossus
427 3255 561 3330 valoris
586 3263 743 3354 quatuor
766 3255 1032 3350 sterlingorum,
1055 3264 1091 3328 et
1114 3255 1207 3332 alius

252 3375 291 3447 in
308 3375 489 3471 subduplo
507 3373 575 3446 sibi
593 3370 833 3470 appreciatus.

302 3488 451 3561 ANNO
476 3487 613 3562 Christi
636 3491 742 3577 1352,
767 3488 864 3561 circa
886 3488 1047 3584 primum
1071 3491 1205 3563 mensis

251 3603 428 3691 Januarii,
448 3604 598 3678 Gallicis
615 3605 803 3702 occupatis
824 3605 919 3678 circa
941 3606 1206 3703 reparationem

251 3746 441 3796 murorum
466 3721 561 3794 villae
587 3722 631 3794 de
655 3720 792 3819 Gynee,
813 3732 920 3796 antea
943 3747 1008 3819 per
1031 3723 1205 3820 Anglicos

250 3841 457 3925 devastatae,
487 3838 635 3934 quidam
664 3837 735 3910 viri
764 3847 879 3912 status
909 3840 1074 3914 militaris
1104 3839 1206 3937 operi

250 3965 352 4029 tanto
377 3956 470 4027 male
493 3955 630 4028 conscii
655 3955 828 4051 ingeniati
849 3965 935 4028 sunt
957 3957 1035 4052 ejus
1053 3956 1204 4028 demoli-

250 4074 398 4159 tionem,
428 4081 464 4146 et
499 4073 701 4161 efficaciter,
731 4074 799 4147 sub
833 4073 902 4146 hac
936 4073 1063 4146 forma.
1116 4073 1204 4150 Erat

251 4190 397 4286 quidam
425 4191 632 4286 sagittarius
660 4192 806 4265 nomine
833 4190 995 4263 Joannes
1022 4190 1203 4267 Danecas-

250 4306 330 4396 trie,
366 4307 429 4402 qui
472 4309 665 4405 aliquando
699 4319 828 4411 captus
862 4318 899 4382 et
933 4308 971 4382 in
1006 4319 1124 4384 castro
1159 4309 1203 4384 de
1334 4333 1336 4337 ·
