3096 5012
350 595 425 671 200
598 615 826 664 cunourcou
846 615 1031 664 crurium
1091 589 1306 684 [nnl3492

350 745 388 816 in
415 743 582 818 bitumen
608 743 691 815 iilos
716 743 826 815 ctiam
853 767 917 816 rex
947 742 1169 830 confortans
1197 753 1234 818 et
1260 746 1309 817 ad

351 860 407 932 sui
429 860 600 955 pietatem
624 860 766 932 decenti
790 860 951 933 alliciens
974 859 1162 947 blanditia,
1182 861 1233 934 sic
1256 861 1308 934 af-

353 976 469 1050 fatur:
500 975 638 1048 “Bene
656 975 792 1048 facite''
818 975 997 1072 inquiens,
1019 982 1041 1012 “
1054 976 1306 1063 arcitenentes,

108 1165 111 1174 ,
238 1188 240 1196 Ι
351 1101 387 1166 et
413 1091 543 1164 scitote
567 1091 665 1186 quod
689 1115 757 1187 ego
783 1115 863 1164 sum
889 1090 1088 1166 Edwardus
1114 1093 1159 1165 de
1175 1092 1308 1166 Wind-

352 1207 469 1278 sore.''
522 1201 689 1300 Cognitis
705 1213 794 1277 tunc
811 1204 971 1300 primum
988 1205 1082 1300 regis
1103 1206 1307 1310 praesentia,

352 1331 388 1398 et
412 1322 625 1395 necessitate
647 1321 906 1411 benefaciendi,
929 1323 1106 1420 sagittarii
1128 1325 1309 1398 nudantes

351 1462 417 1514 sua
435 1439 565 1535 capita,
579 1437 728 1511 brachia
745 1447 781 1510 et
799 1447 958 1534 pectora,
973 1437 1074 1510 omni
1091 1461 1157 1510 sua
1171 1439 1309 1512 virtute

352 1554 492 1649 sagittis
523 1577 597 1627 non
627 1552 820 1648 perdendis
847 1553 1056 1640 incubuere,
1083 1537 1121 1626 et
1147 1551 1309 1627 Gallicos

351 1669 607 1766 appropiantes
642 1669 772 1744 acutis.
793 1666 933 1764 sagittis
968 1669 1144 1744 salutatos
1178 1670 1309 1743 acriter

352 1787 456 1858 valde
484 1795 708 1881 receperunt.
762 1785 906 1860 Armati
933 1795 1123 1860 steterunt.
1138 1810 1185 1859 ex
1206 1796 1308 1860 utra-

353 1927 422 1998 que
448 1911 556 1997 parte
577 1925 687 1997 super
711 1903 862 1997 longum
888 1911 925 1975 et
952 1911 1095 1980 arctum
1122 1903 1309 1998 pavimen-

353 2028 445 2102 tum,
481 2017 521 2089 in
554 2017 660 2112 cujus
694 2017 887 2092 latitudine
920 2019 984 2090 vix
1017 2019 1147 2113 viginti
1180 2020 1309 2092 armati

352 2143 503 2233 possent
545 2131 750 2207 frontaliter
793 2135 1002 2232 constipari,
1047 2135 1221 2209 habentes
1264 2160 1310 2208 ex

353 2260 508 2345 utroque
537 2251 663 2324 latere·
680 2251 874 2324 mariscum
911 2251 1059 2324 armatis
1089 2252 1239 2341 invium,
1270 2253 1311 2324 in·

354 2391 427 2464 quo
454 2375 632 2442 steterunt
659 2367 836 2462 sagittarii
863 2368 981 2441 securi
1011 2391 1096 2442 suos
1124 2368 1312 2442 nihil'im-¹

353 2485 552 2580 pedienteS,
589 2493 625 2557 et
667 2483 790 2556 hostes
825 2509 846 2556 a
879 2485 1053 2558 lateribus
1096 2485 1309 2580 sagittarum

354 2602 527 2696 grandine
563 2599 822 2676 confodientes.
876 2599 1063 2697 Siquidem
1093 2625 1157 2674 rex
1185 2611 1223 2674 et
1252 2601 1308 2674 sui

354 2702 399 2792 eri
425 2717 589 2803 adverso,
609 2724 719 2812 atque
745 2707 920 2812 sagittarii
946 2741 992 2789 ex
1016 2727 1222 2792 transverso
1248 2742 1309 2792 oc·

355 2837 531 2923 ciderunt,
551 2837 793 2932 captivarunt,
816 2845 852 2908 et
878 2837 1052 2932 quamdiu
1076 2837 1229 2910 viriiiter
1253 2861 1308 2911 re-

354 2955 523 3028 sistentes
566 2953 713 3026 tandem
756 2952 915 3028 adventu
957 2953 1132 3050 principis
1167 2953 1309 3027 Walliae

356 3071 515 3144 Gallicos
533 3071 571 3143 in
588 3069 709 3166 fugam
728 3070 995 3166 compulerunt.
1048 3069 1137 3143 Post
1161 3071 1309 3166 longam

355 3187 398 3260 in‘
414 3186 538 3258 hostes
560 3186 802 3272 venationem,
822 3185 1001 3259 Calesiam
1024 3187 1159 3259 reversi
1180 3211 1307 3260 nume-

355 3310 482 3376 rarunt
507 3301 651 3396 fugatos
680 3311 716 3373 ct
740 3311 879 3398 captos,
903 3311 939 3386 et
967 3303 1185 3377 invenerunt
1210 3305 1308 3402 quod

355 3443 422 3515 pro
443 3418 552 3492 castri
575 3419 743 3515 captione
767 3421 968 3492 secundum
988 3420 1201 3494 relationem
1224 3445 1309 3519 cap-

355 3537 525 3624 tivorum,
558 3545 788 3610 accesserunt
821 3537 919 3610 mille
953 3537 1021 3608 viri
1053 3562 1237 3612 armorum
1270 3547 1308 3610 et

355 3653 516 3728 sexcenti
539 3653 680 3742 armati,
701 3655 764 3727 sed
788 3677 961 3728 numerus
984 3655 1217 3728 servientium
1241 3655 1310 3728 tria

355 3769 469 3843 millia
489 3771 694 3844 excedebat.
745 3770 802 3843 Ex
824 3771 880 3842 his
903 3771 1050 3844 fuerunt
1073 3773 1171 3868 capti
1194 3773 1308 3845 domi·

354 3911 424 3964 nus
453 3886 638 3961 Galfridus
669 3887 713 3960 de
741 3885 890 3982 Charny
916 3895 952 3959 et
981 3887 1078 3960 filius
1109 3888 1187 3983 ejus
1217 3895 1306 3960 stre-

354 4027 450 4082 nuus
476 4005 515 4076 in
543 4004 651 4079 annis
679 4003 879 4075 Edwardus
906 4003 950 4075 de
975 4003 1096 4089 Renti,
1124 3985 1317 4099 quondam¹

356 4122 514 4195 serviens
545 4121 683 4194 domini
719 4121 811 4216 regis
842 4121 878 4192 in
910 4121 1027 4193 officio
1059 4121 1216 4207 clavarii,
1245 4121 1310 4192 sed

356 4237 458 4312 miles
501 4246 538 4310 et
580 4237 726 4332 tyranni
769 4236 991 4312 Francorum
1039 4236 1306 4333 stipendiarius.
