3110 5026
334 639 407 710 252
586 660 810 710 cnaourcou
830 661 1013 710 orarium
1072 639 1285 732 [maists.

332 788 394 860 bat
416 795 501 860 octo
526 786 639 860 millia
661 787 824 862 virorum
846 787 1069 875 militarium,
1088 789 1189 860 nullo
1213 811 1287 860 ser·

331 903 510 976 vientium
544 927 696 976 numero
732 912 866 992 taxato,
898 905 966 976 sub
996 913 1122 999 quater
1156 902 1288 998 viginti

331 1025 385 1095 et'
403 1027 541 1118 septem
574 1022 728 1094 vexillis.
792 1021 897 1094 Tunc
932 1022 1040 1094 multi
1074 1022 1119 1094 de
1153 1021 1288 1094 nostris

330 1147 604 1212 murmurarunt
626 1162 693 1234 pro
719 1162 762 1210 eo
786 1137 884 1233 quod
906 1137 1047 1233 pridem
1068 1137 1113 1209 ad
1134 1139 1287 1212 tutelam

327 1252 521 1328 ,Gasconiae
553 1255 703 1329 remissa
732 1253 803 1327 fuit
832 1277 964 1350 magna
992 1278 1076 1350 pars
1107 1253 1287 1328 exercitus

329 1371 446 1444 nostri
472 1371 591 1468 primo
619 1371 839 1468 congregati.
890 1369 979 1443 Erat
1004 1370 1100 1444 inter
1127 1369 1288 1446 Gallicos

329 1487 478 1584 quidam
531 1489 663 1562 Scotus
720 1512 830 1584 supra
880 1496 1028 1561 notatus
1079 1485 1287 1560 Willelmus

329 1605 505 1702 Douglas,
533 1606 731 1703 potensin
759 1604 893 1693 Scotia,
923 1615 968 1678 et.
987 1603 1134 1679 Scotica
1159 1629 1289 1701 guerra

329 1723 430 1796 duris
456 1723 640 1796 laboribus
669 1719 899 1796 exercitatur.
953 1721 1064 1794 illum
1092 1730 1286 1795 coronatus

329 1839 375 1912 de
398 1864 472 1914 uno
496 1839 636 1913 dotavit
660 1839 805 1934 cingulo
828 1838 988 1925 militari,
1013 1846 1050 1910 et
1073 1837 1158 1933 quia
1180 1838 1287 1911 scivit

329 1955 450 2050 ipsum
493 1964 653 2028 atrocem
696 1955 941 2027 adversarium
975 1953 1216 2049 Anglicorum
1250 1963 1288 2028 et

330 2072 501 2144 adversus
537 2071 635 2166 ipsos
665 2071 703 2142 in
733 2070 843 2142 armis
873 2071 1074 2170 plurimum
1101 2080 1285 2160 vexatum,

328 2189 481 2260 libenter
500 2187 639 2260 audivit
661 2188 738 2284 ejus
763 2187 955 2261 consilium
978 2197 1014 2261 et
1037 2188 1182 2284 ingenio
1199 2213 1286 2262 con-

331 2303 475 2377 fidebat.
528 2304 735 2378 Willelmus
760 2305 906 2402 praesuit
929 2305 1096 2378 ducentis
1118 2305 1205 2380 viris
1230 2330 1287 2379 ar-

329 2449 474 2497 morum
501 2422 633 2512 ScotiS,
661 2448 752 2520 quos
778 2424 822 2495 de
848 2424 966 2520 patria
992 2447 1058 2496 sua
1085 2423 1282 2496 conduxit:

329 2542 418 2614 istos
446 2565 519 2612 non
544 2540 652 2613 latuit
674 2539 774 2635 quod
798 2562 864 2634 per
890 2547 1008 2611 totum
1022 2547 1191 2634 tempus¹
1206 2563 1284 2611 mo·

329 2659 431 2731 demi
464 2656 559 2752 regis
586 2655 793 2752 Anglorum
820 2655 976 2728 maxime
1005 2655 1170 2728 consueti
1199 2665 1287 2729 sunt

328 2773 474 2871 Anglici
496 2797 659 2870 pugnare
682 2772 878 2869 pedestres
897 2773 1026 2868 inquo
1045 2771 1175 2846 Scotos
1198 2782 1286 2846 sunt

328 2891 471 2975 imitati,
512 2915 534 2962 a
578 2890 785 2962 discrimine
826 2887 1079 2961 Strivilinensi.
1144 2889 1285 2962 ldcirco

328 3007 467 3102 placuit
487 3005 672 3077 Willelmo
695 3030 762 3101 pro
786 3029 887 3077 more
911 3030 985 3078 suae
1008 3006 1138 3102 gentis,
1162 3008 1284 3103 potius

327 3124 420 3219 pede
446 3147 554 3219 quarn
581 3147 674 3219 equo
701 3132 845 3195 nostros
872 3122 1054 3211 invadere,
1073 3132 1110 3196 et
1135 3124 1283 3220 instiga-

327 3239 382 3312 vit
411 3249 626 3311 coronatum
655 3239 816 3333 aliosque
845 3237 1016 3326 Francos,
1049 3241 1284 3314 consimiliter

328 3354 493 3450 praeliari.
554 3352 650 3424 Sano
677 3405 841 3425 .....
868 3354 1040 3450 patantiae
1068 3358 1219 3431 consilio
1247 3368 1284 3430 et

327 3471 435 3543 foedas
464 3467 640 3550 vecordia
675 3468 964 3565 proscriptorum
995 3484 1189 3548 coronatus
1220 3497 1282 3546 an-

327 3612 444 3661 nuens
468 3586 632 3672 libenter,
655 3586 856 3661 dextrarios
880 3589 1000 3661 emisit
1023 3591 1061 3662 in
1085 3591 1281 3677 civitatem,

328 3728 374 3776 ne
416 3704 511 3799 sugae
553 3703 782 3777 velocitatem
816 3705 944 3779 darent
978 3707 1098 3795 alicui,
1136 3718 1283 3804 praeter-

328 3844 439 3916 quam
456 3820 674 3915 quingentos
696 3819 791 3893 ferro
816 3832 942 3895 contra
966 3823 1116 3917 sagittas
1133 3847 1283 3918 cooper-

327 3945 398 4025 tos,
428 3961 585 4034 quorum
614 3961 811 4010 assessores
835 3939 945 4034 jussit
974 3937 1143 4010 invadere
1173 3939 1283 4032 sagit-

328 4053 438 4125 tarios
464 4054 503 4124 in
528 4053 750 4150 principium
775 4053 991 4139 certaminis,
1018 4061 1055 4125 et
1080 4060 1282 4148 prostratos

327 4169 527 4243 calcaribus
554 4169 695 4265 equinis
721 4170 945 4254 conculcare,
970 4169 1034 4264 qui
1058 4177 1282 4265 praeceptum

328 4307 402 4357 non
422 4285 662 4381 perfecerunt,
680 4295 722 4359 ut
742 4285 860 4382 patuit
883 4296 1027 4360 eventu.
1080 4286 1281 4384 Utriusque
