3118 5008
361 589 430 662 156
609 603 834 659 cusonucorr
855 610 1038 659 onustum
1096 587 1305 679 [aalma

358 729 479 812 comes
497 738 651 824 Derbiae,
670 747 797 834 postca
819 737 893 808 dux
917 735 1134 808 Lancastriae
1152 747 1306 824 creatus

358 864 393 928 ct
421 879 542 928 comes
569 854 743 926 Devoniae
771 862 808 924 et
835 876 956 924 comes
985 851 1242 939 Pcmbrochiae,
1270 861 1308 926 et

357 973 526 1045 dominus
556 969 735 1043 Radulfus
765 970 928 1042 nondum
957 993 1078 1040 comes
1107 968 1307 1041 Staffordiae

358 1085 421 1159 sed
437 1089 536 1174 bam,
556 1096 592 1160 et
609 1087 778 1159 dominus
798 1083 982 1157 Walterus
1000 1083 1045 1156 de
1062 1083 1196 1180 Magne
1214 1085 1306 1158 Gas-

356 1203 501 1276 ooniam
524 1204 761 1288 destinantur,
781 1201 843 1273 ubi
866 1198 1078 1294 conquisitis
1104 1200 1200 1272 villis
1226 1209 1306 1273 mu-

356 1321 442 1392 ratis
466 1320 664 1407 et-oastris,
691 1319 807 1390 multa
831 1316 987 1412 gloriosa
1012 1317 1209 1390 certamina
1233 1316 1306 1390 sor-

357 1436 441 1509 titer
469 1438 647 1522 vicerunt,
674 1436 799 1507 villam
832 1431 1065 1527 D'Agviloun
1098 1457 1162 1528 per
1192 1433 1306 1507 insul-

356 1563 436 1625 tum
457 1552 672 1649 acquisitam
689 1550 911 1646 deputabant
930 1549 1103 1621 custodiae
1120 1548 1316 1645 Radulphi

357 1667 570 1754 Staffordiae,
594 1676 720 1764 postea
743 1666 965 1738 diverterunt
992 1689 1030 1736 se
1056 1666 1102 1736 ad
1127 1665 1214 1737 alias
1237 1666 1304 1736 vil-

355 1784 421 1870 las,
437 1793 480 1855 ut
505 1785 702 1879 Brigeralre
723 1791 889 1855 vocatam
915 1805 982 1878 pro
1006 1803 1072 1853 sua
1094 1780 1305 1854 fortitudine

357 1905 379 1935 ‘¹
392 1923 572 1972 cameram
602 1899 859 1985 Francorum‚''
890 1906 927 1970 et
960 1899 1006 1969 ad
1035 1897 1158 1969 villam
1189 1899 1305 1970 sancti

355 2018 507 2090 Joannis
527 2028 567 2091 et
590 2019 634 2089 de
656 2019 816 2090 l’Amele
837 2028 874 2090 et
897 2018 983 2090 alias
1001 2018 1133 2089 multas
1152 2018 1304 2112 grandes

354 2143 391 2206 et
416 2133 527 2206 fortes
553 2145 589 2208 et
614 2136 704 2207 bene
730 2136 901 2219 munitas,
925 2157 1014 2229 quas
1039 2134 1178 2230 magnis
1204 2125 1305 2206 laboss

353 2249 452 2322 ribus
492 2260 528 2324 et
567 2251 761 2324 insultibus
794 2250 1005 2345 periculosis
1045 2250 1301 2345 acquisierunt.

353 2365 408 2438 Ibi
432 2367 507 2440 dux
530 2367 748 2440 Lanoastriae
774 2367 906 2439 milites
932 2365 971 2436 in
995 2365 1139 2439 fossatis
1163 2361 1303 2438 subter-

353 2484 484 2570 raneis,
514 2509 591 2580 quae
625 2507 692 2579 pro
723 2483 905 2576 diruendis
935 2482 1095 2554 turribus
1125 2490 1161 2554 et
1190 2482 1303 2555 muris

353 2599 625 2686 effodiebantur,
655 2623 780 2694 graves
810 2623 831 2670 a
861 2597 1025 2668 virilibus
1056 2597 1303 2671 defensoribus

352 2715 509 2788 insultus
535 2717 750 2812 patiebatur,
778 2725 814 2788 et
840 2715 1057 2787 manualiter
1085 2723 1213 2786 contra
1239 2716 1302 2788 ob-

353 2855 470 2905 sessos
491 2833 687 2918 dimicavit,
706 2843 743 2905 et
761 2833 858 2928 quod
875 2841 981 2904 antea
998 2831 1067 2903 luit
1085 2831 1300 2919 inauditum,
1387 2914 1391 2928 Ι

350 2946 388 3018 in
412 2948 539 3020 iisdem
564 2947 709 3020 fossatis
733 2948 866 3020 milites
890 2956 964 3020 tam
987 2946 1172 3020 Gasoones
1193 2973 1301 3045 quam

351 3063 522 3158 Anglicos
540 3065 679 3136 effecit:
701 3065 835 3160 quippe
852 3065 967 3151 villas
987 3065 1164 3151 civitates
1184 3076 1303 3139 castra

351 3187 387 3248 et
406 3178 582 3280 fortalicia
600 3179 674 3249 250
692 3180 949 3274 conquirend0,
969 3205 1138 3276 magnam
1159 3191 1301 3277 partem

352 3291 541 3364 Gasconiae
559 3304 593 3366 et
611 3317 727 3388 usque
744 3295 912 3367 Tolosam
931 3297 1220 3392 transequitavit,
1239 3299 1302 3370 ubi

350 3409 515 3482 dominas
532 3409 730 3482 Tolosanas
748 3419 784 3482 et
801 3411 957 3506 virgines
980 3413 1118 3486 nobiles
1135 3439 1200 3510 per
1218 3438 1301 3486 suas
1437 3507 1443 3519 „

350 3523 471 3596 literas
495 3526 541 3597 ad
563 3525 829 3599 convivandum
854 3553 977 3601 secum
1001 3539 1038 3600 et
1061 3529 1136 3601 suis
1159 3530 1300 3602 comiti-

348 3640 417 3712 bus
445 3641 592 3715 domino
623 3642 807 3717 Bernardo
835 3646 879 3718 de
906 3644 1052 3718 Libreto
1079 3644 1300 3741 Aquitanico

348 3755 445 3829 fideli
462 3757 639 3846 invitavit,
659 3761 721 3834 sed
739 3763 921 3835 civitatem
946 3762 1025 3834 Deo
1050 3770 1298 3847 conservante,

349 3873 438 3945 nihil
460 3875 538 3970 ejus
561 3876 688 3950 incolis
714 3878 904 3965 malefecit,
923 3878 992 3950 nisi
1010 3878 1107 3973 quod
1126 3865 1298 3949 terrorem

349 3989 622 4080 intolerabilem,
654 4003 696 4066 ut
726 3995 863 4065 obsessi
892 3994 983 4065 mihi
1010 3995 1223 4079 retulerunt,
1253 3993 1298 4064 iis

348 4105 482 4194 intulit,
511 4110 562 4182 ita
589 4110 686 4204 quod
714 4109 889 4201 religiosis
920 4111 1094 4184 mendicis
1124 4110 1170 4181 ad
1199 4131 1299 4179 arma

348 4225 556 4320 compulsis
588 4225 686 4319 prior
715 4223 995 4299 Carmelitarum
1024 4227 1138 4298 beatae
1169 4223 1297 4297 Mariae
