3118 5008
389 639 459 711 150
632 657 859 706 cunourcorr
879 628 1063 706 charrum
1121 635 1336 726 [r.n.1341.

384 786 656 859 Londonienses
673 785 870 856 noluerunt
886 784 1095 881 permittere
1113 787 1211 882 quod
1228 812 1339 884 super

384 901 592 998 hujusmodi
615 900 909 997 inquisitionibus
931 911 1058 974 contra
1078 903 1263 976 libertates
1285 905 1337 978 ci-

382 1019 505 1092 vitatis
523 1018 716 1114 justiciarii
738 1018 777 1089 in
799 1018 946 1091 civitate
968 1019 1145 1108 sederent,
1172 1020 1252 1093 ideo
1278 1045 1336 1094 or-

316 1188 319 1192 ·
384 1135 520 1208 dinavit
538 1159 613 1222 rex,
633 1135 731 1230 quod
755 1134 792 1206 in
816 1142 914 1207 turre
932 1135 1130 1208 Londoniae
1142 1137 1336 1231 justiciarii

382 1253 521 1326 itineris
547 1275 631 1326 suas
655 1252 832 1326 sessiones
856 1251 1070 1326 inchoarent
1096 1277 1206 1349 super
1230 1253 1335 1327 factis

381 1365 694 1442 londoniensium
716 1368 934 1465 inquisituri.
989 1369 1061 1442 Sed
1083 1369 1167 1466 quia
1189 1369 1334 1443 Londo-

382 1489 524 1561 nienses
565 1490 761 1560 noluerunt
803 1486 853 1560 ibi
895 1489 1112 1585 respondere
1147 1507 1336 1584 quousque

383 1627 457 1676 suae
481 1604 666 1676 libertates
692 1604 948 1690 allocarentur,
977 1629 1044 1678 nec
1073 1628 1184 1700 super
1208 1605 1357 1700 hujus·

382 1720 481 1793 modi
503 1721 716 1793 allocatione
738 1729 937 1816 potuerunt
958 1722 1082 1794 brevia
1105 1745 1170 1796 seu
1191 1721 1335 1795 chartas

383 1837 476 1932 regis
499 1836 642 1924 habere,
663 1837 707 1909 de
731 1838 833 1933 regni
856 1837 1069 1912 cancellaria
1091 1839 1274 1912 oriebatur
1296 1839 1335 1911 in

381 1952 474 2026 turri
492 1975 645 2046 magnus
666 1954 849 2026 tumultus
871 1979 893 2026 a
915 1955 1079 2050 personis
1100 1954 1234 2051 ignotis
1256 1978 1336 2027 sus-

382 2067 526 2154 citatus,
556 2069 646 2141 adeo
672 2071 770 2165 quod
791 2071 985 2165 justiciarii
1014 2071 1148 2144 ibidem
1175 2095 1213 2143 se
1238 2071 1336 2143 nolle

381 2183 504 2255 sedere
528 2182 712 2257 finxerunt
734 2208 850 2280 usque
873 2195 957 2282 post
981 2186 1130 2260 Pascha.
1184 2185 1335 2259 Interim

381 2321 444 2378 rex
473 2324 540 2395 pro
570 2299 734 2374 tumultu
767 2302 942 2398 praedicto
973 2304 1129 2398 graviter
1161 2303 1333 2390 offensus,

380 2416 562 2490 nitebatur
586 2417 678 2490 scire
700 2420 850 2490 nomina
867 2419 1124 2492 suseitantium
1142 2419 1334 2516 praelatum

380 2535 592 2620 tumultum,
621 2535 685 2606 sed
710 2535 757 2606 ad
782 2536 890 2607 aliam
915 2535 1084 2609 notitiam
1110 2559 1184 2608 non
1212 2536 1334 2632 potuit

379 2647 560 2736 devenire,
590 2649 661 2721 nisi
689 2651 787 2746 quod
814 2660 980 2724 auctores
1007 2653 1188 2724 tumultus
1205 2651 1333 2723 'exorti

379 2761 527 2837 fuerunt
544 2788 708 2860 personae
726 2767 924 2840 mediocres
943 2766 1111 2853 civitatis
1127 2790 1210 2839 suas
1227 2765 1334 2838 liber·

380 2886 472 2952 tates
494 2881 740 2968 vendicantes,
759 2883 857 2953 unde
880 2883 1049 2955 dominus
1073 2905 1148 2969 rerr,
1168 2906 1234 2954 sua
1256 2890 1332 2955 tur-

379 2993 523 3070 batione
540 2995 715 3090 mitigata,
731 2995 1203 3096 londoniensibussremisit
1220 2997 1332 3068 offen-

284 3197 293 3203 κ
378 3131 468 3196 sam,
496 3112 710 3206 justiciariis
740 3137 824 3186 suas
856 3115 1034 3186 sessiones
1062 3114 1181 3210 quoad
1210 3115 1329 3188 locum

378 3223 483 3297 illum
501 3226 759 3299 desinentibus.

428 3338 539 3412 Anno
569 3340 640 3413 isto
667 3341 705 3412 in
732 3343 914 3437 quindena
943 3343 1103 3432 Paschae,
1134 3346 1173 3416 in
1202 3344 1331 3440 parlia-

379 3466 502 3529 mento
519 3455 718 3530 Londoniae
735 3459 926 3548 celebrato,
946 3460 1098 3534 comites
1119 3469 1155 3533 et
1176 3445 1330 3556 majores

378 3575 492 3675 regni,
515 3576 652 3650 scilicet
675 3601 779 3674 pares
803 3587 840 3652 et
863 3580 1117 3665 communitas,
1144 3580 1238 3651 inter
1262 3602 1329 3651 cae-

343 3755 347 3764 ,
378 3701 457 3764 tera
484 3695 678 3790 petierunt,
705 3696 804 3792 quod
828 3719 959 3792 magna
983 3698 1108 3769 charta
1132 3705 1169 3768 et
1197 3696 1259 3768 illa
1286 3696 1330 3768 de

378 3806 525 3897 foresta,
545 3835 631 3884 cum
648 3812 726 3885 aliis
744 3813 904 3886 ecclesiae
924 3821 961 3886 et
981 3812 1083 3908 regni
1102 3811 1330 3884 libertatibus

378 3923 497 3999 forent
524 3928 570 4000 ad
597 3951 757 4022 unguem
783 3928 983 4014 observata,
1011 3936 1047 4000 et
1073 3926 1228 4022 majores
1254 3927 1331 4000 offi-

377 4041 479 4114 ciarii
504 4043 641 4116 domini
667 4038 760 4138 regis
787 4066 808 4115 a
833 4045 980 4140 paribus
1006 4042 1108 4138 regni
1134 4041 1173 4114 in
1199 4041 1330 4138 parlia-

377 4167 501 4232 mento
519 4159 747 4253 eligerentur,
766 4159 830 4231 sed
849 4158 915 4231 has
934 4157 1129 4254 petitiones
1147 4182 1211 4230 rex
1224 4159 1331 4253 juxta

374 4295 483 4348 suum
509 4275 690 4370 privatum
714 4275 909 4348 concilium
936 4276 1119 4349 recusavit
1147 4275 1329 4359 exaudire,
