3110 5026
274 644 348 692 an.
368 619 492 709 less]
527 640 572 690 nn
592 636 719 688 saxon
738 637 785 685 uu
806 635 1046 686 swmsuorur.
1147 614 1222 688 267

270 793 335 865 per
357 792 442 840 rura
464 765 634 840 Pictaviae
657 764 814 861 spatiose
838 763 971 852 diffusi,
993 762 1222 836 consideran-

270 893 325 956 tes
349 881 615 980 depressionem
638 879 852 953 stationardi
877 879 993 965 liliati,
1013 879 1102 976 suga
1121 881 1223 952 ,velo-

269 999 416 1073 cissima
439 998 596 1071 vicinam
621 996 806 1068 civitatem
831 995 1025 1091 petierunt.
1076 995 1224 1091 Anglici

270 1138 356 1186 vero
380 1113 506 1184 ullius.
520 1110 685 1206 quamtis
715 1108 935 1182 horribiliter
961 1111 1125 1199 sauciati,
1155 1135 1224 1184 nec

22 1237 29 1248 '
155 1285 157 1290 .
270 1229 425 1322 alicujus
442 1225 585 1314 laboris
607 1225 694 1298 licet
710 1225 868 1321 graviter
882 1227 1017 1314 vexati,
1035 1251 1113 1322 prae
1134 1251 1224 1322 gon·

272 1345 332 1417 dio
357 1343 442 1416 vitae
466 1343 697 1438 demdeque
722 1343 912 1430 recordati,
931 1342 1057 1416 Gallos
1079 1343 1224 1439 fugaces

270 1461 318 1532 ad
360 1468 484 1555 portas
522 1457 766 1531 Pictavienses
804 1459 1125 1554 persequebantur,
1160 1459 1223 1530 ubi

272 1575 468 1649 certamine
505 1575 710 1672 periculoso
751 1575 843 1648 benc
884 1576 1063 1650 uerberati
1105 1589 1224 1670 strage

272 1715 405 1787 magna
428 1691 603 1764 fuderunt
625 1690 876 1786 Francigenas,
896 1700 933 1764 et
957 1693 1075 1765 multo
1099 1693 1224 1788 plures

272 1806 521 1903 peremissent,
553 1807 584 1880 si
613 1831 688 1880 non
716 1807 870 1881 fuissent
900 1808 1143 1904 diligentiores
1175 1809 1224 1882 ad

270 1933 459 2021 capturam
496 1924 614 2021 pretio
652 1925 737 1997 vitae
771 1926 1076 2014 redimendorum,
1113 1949 1224 2022 quam

271 2041 367 2113 circa
390 2042 619 2138 triumphum
643 2043 892 2139 principalem.
945 2041 1104 2116 Demum
1125 2043 1223 2116 clan-

272 2182 357 2252 gore
382 2159 552 2230 tubarum
577 2159 711 2231 nostris
736 2160 776 2230 in
799 2184 917 2231 unum
942 2160 1131 2248 revocatis,
1159 2184 1224 2256 per

271 2297 357 2345 arva
385 2255 586 2367 papiliones
616 2281 653 2344 et
680 2274 837 2346 tentoria
859 2274 1036 2368 figuntur,
1065 2285 1102 2346 et
1128 2298 1225 2348 curae

273 2389 556 2476 vulneratorum,
585 2388 698 2482 quieti
727 2389 917 2475 fessorum,
948 2391 1071 2462 tutelae
1099 2399 1225 2485 capto-

271 2529 365 2590 rum,
393 2505 676 2602 recreationique
701 2503 964 2594 famelicorum,
991 2514 1069 2578 tota
1094 2505 1225 2602 cohors
1315 2541 1319 2550 ·

272 2621 398 2694 alacris
428 2621 591 2707 indulsit,
620 2621 736 2694 donec
763 2629 936 2718 percepto
964 2622 1061 2717 quod
1087 2622 1133 2695 de
1160 2647 1226 2696 sua

271 2737 443 2810 comitiva
460 2737 655 2810 defuerunt
677 2737 729 2809 eis
751 2737 890 2810 honore
907 2737 1055 2812 militari
1073 2737 1225 2833 digressi

271 2853 351 2939 viri,
373 2877 440 2949 pro
464 2853 595 2948 quibus
617 2852 844 2948 requirendis
867 2839 915 2925 et'
926 2853 1019 2926 vivis
1042 2862 1106 2926 aut
1129 2877 1225 2926 mor-

271 2967 343 3039 tuis
363 2967 414 3038 in·
425 2977 544 3040 castra
567 2969 752 3057 ducendis,
770 2969 907 3066 pietate
925 2968 1024 3066 pleni
1042 2970 1224 3042 destinan-

271 3091 342 3155 tur.
406 3083 535 3177 Igitur,
563 3092 606 3156 ut
636 3085 799 3181 quisquis
827 3109 923 3180 aegre
953 3084 1038 3157 tulit
1066 3084 1224 3157 absentis
1340 3083 1343 3088 ’

241 3239 242 3242 ¹
270 3200 378 3272 aurici
394 3200 608 3296 periculum,
627 3200 680 3272 sic
696 3200 850 3273 festinus
868 3201 914 3273 ad
930 3199 1110 3273 Martium
1127 3225 1224 3274 carn-

269 3313 358 3411 pum
384 3317 557 3412 querulus
583 3317 708 3405 currit,
733 3326 770 3391 et
795 3316 890 3390 inter
914 3341 1061 3414 aggeres
1086 3319 1224 3392 occiso-

269 3457 351 3504 rum
377 3434 608 3528 reperiuntur
629 3435 692 3507 vix
717 3435 1031 3533 palpitantesqui
1057 3459 1124 3531 pro
1146 3436 1224 3529 jus-

232 3551 239 3562 '
269 3548 349 3620 titia
371 3549 465 3644 regis
482 3549 687 3645 Anglorum
708 3559 746 3624 et
766 3551 915 3624 honoris
938 3552 1148 3648 principalis
1168 3552 1223 3623 in-

270 3665 448 3759 tegritate,
471 3667 535 3738 sed
558 3675 594 3738 et
617 3668 798 3740 exercitus
820 3676 902 3741 tuta
925 3671 1052 3757 salute,
1074 3679 1223 3743 strenuo

269 3782 391 3854 labore
425 3783 662 3870 tabescentes,
697 3792 790 3857 teste
824 3785 967 3874 sudore,
1001 3794 1223 3882 consumpto

269 3898 482 3993 sauguinem
511 3899 700 3996 proprium
728 3903 826 3999 large
853 3903 1038 3989 fuderunt,
1067 3925 1223 3998 quorum

269 4014 434 4086 nonnulli
456 4015 596 4090 nobiles
618 4018 757 4092 animas
780 4044 847 4115 pro
867 4019 993 4092 amicis
1010 4027 1224 4115 posuerunt,

268 4130 529 4225 praemiunique
563 4135 729 4207 maximae
764 4135 938 4222 caritatis,
971 4134 1105 4207 sanctis
1139 4159 1222 4230 pro-

264 4243 388 4322 missis
431 4246 677 4322 invictissimae
711 4250 872 4325 veritatis
912 4275 1022 4348 regna
1062 4251 1223 4324 coelestia
