3136 5016
294 663 467 754 no.11.6.]
512 685 704 734 aroanna
724 686 771 734 nn
791 686 1034 735 swrrvanorrn.
1203 662 1250 734 53

292 815 530 901 exactionem,
549 838 660 911 quam
686 813 754 886 sibi
776 838 845 910 pro
868 801 1059 910 maritagio
1085 813 1247 886 lsabellae

291 929 374 1002 filiae
402 955 476 1004 suae
502 931 633 1026 reginae
659 929 803 1025 Angliae
830 930 1015 1025 quondam
1042 943 1247 1003 accommo-

290 1047 390 1120 davit
432 1047 665 1144 provincialis
705 1046 866 1118 Franciae
909 1047 1059 1142 primus.
1129 1043 1248 1141 Supra

291 1164 459 1259 sperabat
481 1187 597 1235 unum
621 1164 665 1234 de
689 1163 772 1234 filiis
796 1162 872 1234 suis
896 1163 934 1234 in
957 1186 1079 1258 regern
1099 1161 1246 1235 Jeroso-

288 1279 505 1375 lymitanum
540 1278 789 1352 coronandum
821 1279 918 1352 idem
948 1303 1012 1351 rex
1041 1279 1245 1374 Philippus,

292 1396 482 1468 ditandum
499 1419 643 1490 quoque
659 1394 803 1490 praediis
822 1395 1125 1467 destruendornm
1151 1395 1245 1466 mili-

291 1518 372 1583 tum
398 1510 525 1606 templi
550 1508 631 1594 Dei,
657 1518 694 1581 et
720 1508 790 1580 hac
815 1509 1005 1580 occasione
1031 1509 1247 1605 praedictum

289 1626 505 1722 magistrum
522 1625 681 1720 aliosque
698 1625 835 1697 multos
852 1624 949 1697 illius
973 1625 1109 1698 ordinis
1133 1649 1244 1720 regno

288 1767 356 1815 sno
373 1743 591 1815 constitutos
607 1741 819 1837 procuravit
835 1741 1001 1814 comburi
1015 1773 1024 1828 ;
1052 1750 1245 1837 totumque

289 1859 485 1932 concilium
502 1858 737 1954 ordinemque
755 1857 947 1930 adnihilari
961 1888 971 1944 ;
999 1859 1062 1930 sed
1079 1859 1244 1954 proposi-

285 1983 371 2047 tum
393 1974 629 2070 cupiditatem
650 1974 832 2046 crudelem
855 1997 930 2047 non
954 1975 1140 2060 saturavit,
1159 1999 1246 2047 nam

290 2114 384 2186 papa
400 2100 625 2163 cassatorum
646 2098 760 2163 terras
784 2098 820 2162 et
843 2091 1090 2186 possessiones
1108 2089 1244 2186 Hospi-

290 2207 425 2280 talariis
452 2206 660 2302 assignavit,
688 2197 755 2303 pro
777 2206 908 2302 quibus
936 2207 1100 2302 ipsorum
1128 2208 1245 2279 domi-

289 2323 350 2393 nio
367 2322 561 2424 liberandis
584 2322 684 2394 misit
706 2321 746 2392 in
762 2321 934 2416 Angliam
952 2323 1145 2416 quemdam
1164 2347 1242 2395 car-

288 2438 458 2544 dinalem,
476 2447 514 2510 et
531 2437 600 2510 sibi
617 2437 809 2510 associavit
832 2438 1044 2532 episcopum
1061 2438 1244 2509 Albanen-

290 2577 381 2639 sem,
395 2554 527 2649 quibus
545 2553 757 2624 restiterunt
773 2552 900 2624 heroes
918 2552 1135 2648 Anglorum‚
1155 2577 1244 2648 quo-

290 2691 372 2740 rum
385 2666 633 2762 progenitores
643 2666 867 2762 Templarios
881 2667 1010 2762 amplis
1023 2666 1167 2762 praediis
1181 2668 1244 2738 do-

289 2791 471 2869 taverunt,
490 2791 527 2854 et
549 2781 630 2877 ipsi,
650 2781 775 2853 ordine
793 2781 974 2867 damnato,
998 2781 1244 2878 possessiones

287 2923 449 2972 reversas
463 2906 700 2994 occuparunt,
718 2898 769 2969 ita
783 2897 880 2993 quod
898 2897 986 2969 dicti
1002 2921 1106 2994 papae
1124 2899 1244 2970 nuntii

287 3014 422 3087 infecto
440 3013 585 3110 negotio
602 3038 670 3110 pro
687 3037 759 3108 quo
775 3021 960 3100 venerant,
979 3013 1174 3085 redierunt.

338 3129 447 3203 Anno
475 3129 613 3202 Christi
640 3131 747 3214 1312,
775 3127 944 3201 Edwardi
970 3128 1120 3201 secundi
1146 3151 1242 3202 anno
1373 3125 1374 3130 ’

288 3256 402 3334 sexto,
449 3248 506 3320 die
555 3246 670 3319 sancti
714 3245 827 3318 Bricii
870 3244 1099 3331 confessoris
1145 3247 1242 3342 apud

287 3362 504 3436 Windesore
532 3365 640 3436 natus
671 3371 726 3435 est
755 3361 831 3456 regi
861 3385 907 3432 ex
937 3361 1089 3433 isabella
1118 3362 1242 3456 regina

287 3478 501 3574 magnificus
533 3478 724 3552 Gallorum
758 3478 1013 3574 triumphator,
1047 3476 1241 3550 Scotorum

288 3603 549 3680 consternator,
572 3595 781 3667 rectiliniari
803 3593 1061 3691 propagatione
1088 3593 1132 3666 dc
1158 3617 1240 3666 san-

287 3711 396 3805 gnine
414 3711 523 3805 regali
536 3710 675 3806 Angliae
693 3719 730 3783 et
745 3709 917 3796 Franciae,
931 3709 1121 3804 utriusque
1138 3710 1241 3804 regni

287 3828 401 3900 haercs
434 3826 580 3899 futurus
616 3851 683 3899 suo
717 3837 892 3923 ternpore,
924 3834 1075 3898 vocatus
1110 3826 1239 3898 tertius

289 3943 488 4016 Edwardus
510 3952 595 4040 post
618 3953 869 4039 conquestum.
923 3941 1007 4014 Hoc
1030 3965 1126 4014 anno
1149 3941 1239 4012 laeti-

286 4060 338 4134 tia
359 4059 437 4132 nati
459 4059 525 4130 filii
546 4068 583 4132 et
607 4060 740 4154 reginae
758 4084 868 4154 quam
884 4058 1039 4130 nimium
1057 4057 1183 4127 dilexit
1204 4065 1241 4128 et
1343 4104 1347 4111 -

288 4175 480 4248 tenerrime
506 4175 678 4262 confovit,
709 4174 981 4271 nequicquam
1005 4170 1180 4241 molestiae
1206 4173 1240 4243 ei

287 4291 447 4378 inferret,
472 4316 536 4364 rex
554 4291 794 4364 dissimulavit
812 4312 922 4384 quam
943 4285 1094 4357 moleste
1117 4287 1238 4382 gessit,
