3110 5026
279 615 354 678 ao.
371 606 492 698 lasa]
550 627 596 676 nn
615 626 744 676 aaran
763 627 810 676 on
829 627 1070 678 swmsuonn.
1159 605 1226 692 187

276 753 428 827 nitatem
454 752 688 827 Alemanniae.
752 752 838 826 Illos
869 753 1018 828 nuntios
1048 775 1144 828 cum
1162 755 1227 829 ho-

277 893 364 942 nore
393 869 614 965 competenti
647 878 697 942 ec
719 869 843 965 gratiis
872 878 1051 966 receptos,
1082 871 1227 944 muniti«
1256 917 1259 923 ,

276 986 397 1058 centia
436 987 566 1082 regalis
603 986 759 1082 benigne
801 987 971 1083 respexit,
1011 996 1048 1060 et
1082 989 1134 1062 eis
1171 1014 1227 1062 re·

275 1104 435 1199 spondit,
463 1128 502 1176 se
536 1105 632 1176 nolle
667 1111 770 1176 tanto
804 1105 905 1176 oneri
938 1103 1108 1179 humeros
1142 1108 1227 1180 sub·

274 1219 431 1308 mittere,
479 1234 668 1314 quousque
717 1235 822 1291 suam
870 1243 1043 1294 coronam
1089 1223 1227 1318 regiam

275 1335 436 1408 Francia
456 1336 538 1431 jure
561 1335 776 1408 hereditario
802 1336 869 1408 sibi
895 1336 1053 1410 debitam
1078 1338 1227 1433 pacifice

275 1451 486 1548 possideret.
1153 1549 1157 1557 ¹

325 1567 466 1640 Eodem
481 1589 578 1641 anno
594 1577 677 1664 post
693 1568 845 1655 Pascha,
863 1567 1010 1645 suerunt
1027 1568 1125 1664 apud
1140 1568 1227 1645 Lin-

274 1684 432 1756 colniam
458 1709 524 1780 per
550 1685 721 1757 comitem
749 1684 980 1771 Lancastriae‚
1008 1693 1138 1781 postea
1161 1686 1227 1768 du-

274 1824 366 1887 cem,
392 1799 588 1874 hastiludia
613 1802 788 1874 solemnia
814 1801 1154 1897 celebrata‚,quibus
1172 1802 1227 1882 ins

274 1917 398 1990 tersuit
421 1917 578 2013 plurima
598 1918 830 1990 dominarum
852 1918 1035 2006 comitiva,
1054 1927 1091 1992 et
1108 1920 1228 1992 nuntii
1358 1929 1360 1933 '

275 2033 368 2128 regis
385 2031 572 2130 Hispaniae
588 2044 768 2107 venerunt
786 2059 853 2130 pro
870 2035 945 2109 filia
962 2035 1060 2131 regis
1080 2036 1229 2110 domina

274 2147 429 2238 Joanna,
459 2151 535 2222 filio
569 2151 708 2224 domim
742 2151 799 2224 sui
833 2152 926 2250 regis
961 2153 1225 2249 desponsanda,

275 2285 355 2360 quae
384 2267 481 2364 apud
511 2265 747 2360 Burdegalim
776 2266 817 2337 in
849 2290 981 2362 magna
1009 2268 1228 2361 pestilentia,

274 2381 319 2452 de
354 2404 426 2475 qua
458 2379 552 2452 infra
585 2380 737 2467 dicetur,
765 2380 864 2453 viam
896 2381 1075 2454 universae
1091 2431 1092 2436 ,
1108 2385 1227 2458 carnis

274 2496 447 2590 ingressa,
466 2495 679 2568 adveniente
697 2511 831 2591 sponso
855 2496 888 2569 ci
904 2495 1057 2570 ¹obviam
1073 2499 1227 2573 solemni

265 2612 339 2684 lsed
355 2611 555 2684 lacrimosa
568 2612 863 2710 committebatur
874 2614 1081 2708 sepulturae.
1109 2612 1228 2688 Tanta

275 2730 436 2825 puellam
457 2727 665 2824 pulcritudo
689 2728 886 2824 corporalis
909 2737 1018 2824 atque
1041 2729 1226 2803 abundan-

275 2845 327 2916 tia
348 2845 528 2917 virtutum
548 2844 742 2916 moralium
765 2853 841 2917 tam
865 2844 1059 2940 gratiosam
1084 2847 1226 2920 cunctis

275 2956 519 3042 reddiderunt,
538 2957 636 3052 quod
657 2957 774 3053 ipsam
798 2958 992 3030 obeuntem
1016 2956 1119 3030 dolor
1142 2981 1225 3032 suo-

275 3095 358 3144 rum
375 3072 625 3145 ministrorum
641 3073 821 3168 compulit
836 3072 935 3168 ipsos
952 3071 1080 3144 itinere
1097 3074 1225 3148 mortis

275 3188 377 3284 sequi
395 3213 499 3262 suam
516 3188 716 3261 dominam<
765 3187 842 3261 Isto
859 3212 955 3260 anno
973 3186 1144 3282 magister
1159 3188 1224 3262 Jo-

274 3328 386 3378 annes
405 3304 605 3379 Stretforde
628 3304 922 3400 archiepiscopus
940 3302 1223 3394 cantuariensis,

276 3423 326 3491 23
348 3421 407 3493 die
422 3421 582 3518 Augusti
598 3422 700 3508 obiit,
719 3431 755 3494 et
777 3424 820 3497 19
840 3421 898 3492 die
916 3419 1137 3517 Septembris
1154 3421 1224 3496 luit

272 3533 480 3610 Cantuariae
521 3537 676 3612 traditus
719 3537 925 3633 sepulturae.
990 3537 1121 3612 Postea
1153 3538 1224 3611 fuit

274 3651 410 3723 electus
444 3651 483 3724 in
516 3652 829 3748 archiepiscopum
862 3652 1035 3748 magister
1063 3653 1223 3730 Thomas

275 3765 528 3840 Bladewardin
557 3768 685 3841 doctor
713 3768 751 3840 in
785 3768 977 3865 theologia,
1008 3770 1072 3842 sed
1101 3771 1222 3866 provi-

273 3883 375 3956 sione
397 3907 501 3979 papae
523 3882 593 3955 fuit
616 3883 661 3956 ad
683 3883 784 3957 illam
801 3885 1014 3981 dignitatem
1035 3884 1223 3958 ordinatus

269 3999 446 4094 magister
461 3997 648 4076 Johannes
666 3999 828 4088 Ufforde,
855 4001 949 4096 regis
975 3999 1222 4085 cancellariae,

274 4113 337 4208 qui
353 4137 430 4187 non,
445 4124 675 4191 consecratus
692 4103 923 4190 moriebatur.
969 4113 1109 4185 Deinde
1125 4137 1222 4187 anno

274 4232 439 4326 sequenti
458 4233 629 4329 praesatus
651 4234 821 4328 magister
837 4232 997 4320 Thomas
1014 4228 1220 4305 Bradewar-
