3110 5026
241 614 455 706 aulaea]
494 570 1014 694 uuunuuauuswrussous.
1120 618 1194 694 259
1249 579 1255 599 Ι

238 764 451 851 beriensem,
480 764 556 860 'qui
598 763 822 859 prospiciens
867 763 1194 838 claromontanum

239 881 456 966 venientem,
484 881 682 977 prudenter
708 881 913 978 suspicatus
945 891 1001 955 est
1031 882 1110 978 ejus
1139 883 1195 956 in-

238 998 451 1083 tentionem,
469 1007 506 1071 et
531 997 582 1070 ita
607 998 671 1092 qui
695 997 889 1093 posteriori
913 1007 1046 1070 nostrae
1073 1008 1194 1073 custo-

238 1113 305 1186 diae
331 1114 562 1210 presidebat,
587 1121 631 1185 ut
656 1113 823 1184 tamesim
849 1113 1014 1186 celeriter
1038 1138 1194 1213 occupa-

236 1239 293 1303 ret
316 1237 353 1303 et
375 1230 499 1302 hostes
522 1252 544 1301 a
565 1229 722 1302 transitu
746 1252 811 1324 per
833 1229 913 1302 illas
935 1239 1100 1318 arctaret,
1120 1232 1193 1326 pri-

235 1369 336 1418 mam
360 1345 605 1442 ingruentiam
629 1344 716 1417 belli
741 1343 952 1418 sustinebat.
1004 1344 1110 1418 Tunc
1137 1372 1193 1419 ar-

236 1469 420 1534 matorum
452 1459 637 1533 oriebatur
664 1458 766 1532 dirus
796 1482 1011 1555 congressus
1045 1462 1191 1550 lanceis,

235 1578 364 1674 gladiis
388 1584 498 1674 atquc
524 1575 711 1651 securibus
735 1575 999 1664 dimicantium,
1024 1601 1092 1650 nec
1115 1578 1192 1650 offi-

234 1693 293 1766 cia
315 1717 383 1766 sua
404 1693 585 1789 sagittarii
601 1693 922 1790 praetermiserunt,
941 1695 1005 1767 sed
1021 1695 1191 1768 insisten-

234 1818 290 1882 tes
315 1810 437 1907 aggeri
462 1819 544 1884 tuto
570 1833 681 1908 supra
704 1809 850 1899 fossam,
869 1819 907 1884 et
932 1813 1031 1884 ultra
1054 1835 1189 1909 sepem,

234 1935 432 2023 coegerunt
448 1927 598 2024 sagittas
619 1926 729 1999 armis
750 1926 967 2000 militaribus
983 1931 1189 2023 praevalere,

234 2043 412 2138 querellas
453 2067 599 2142 quoque
639 2043 908 2131 balistariorum
948 2045 1109 2119 crebrius
1154 2055 1191 2119 et

233 2160 418 2256 profusius
452 2163 606 2234 evolare.
672 2159 799 2256 Itaque
829 2162 957 2248 nostri,
987 2162 1094 2236 tertia
1129 2187 1189 2236 co-

233 2273 338 2347 horte
382 2273 549 2369 superius
584 2274 631 2345 ad
667 2275 830 2346 tamesim
871 2275 1024 2348 viriliter
1065 2276 1189 2350 hostes

233 2397 430 2476 mactante,
471 2388 660 2484 primaque
694 2390 808 2460 classe
841 2389 1022 2462 subterius
1055 2391 1094 2462 in
1128 2392 1189 2464 de-

232 2505 327 2578 clivo
353 2513 390 2578 et
412 2505 519 2600 juxta
543 2504 751 2591 mariscum,
775 2504 843 2576 sub
865 2504 998 2577 comite
1018 2503 1189 2579 Warwici

233 2619 360 2694 Gallos
393 2620 520 2694 obvios
553 2627 817 2715 prosternente,
854 2619 1029 2714 sagittarii
1061 2621 1188 2717 primm

231 2737 393 2811 cohortis
413 2737 561 2811 fuerunt
584 2736 623 2809 in
645 2736 812 2823 marisco,
832 2736 950 2808 securi
972 2760 1018 2808 ne
1041 2737 1187 2811 invade·
1246 2737 1248 2748 '

232 2862 312 2927 rent
329 2877 392 2927 eos
409 2855 560 2950 equites,
578 2851 765 2926 modicum
786 2860 908 2925 tamen
930 2851 1065 2926 ibidem
1084 2855 1187 2927 valu-

231 2978 350 3042 erunt.
404 2969 558 3066 Equites
591 2968 702 3056 enim,
738 2968 834 3042 sicut
868 2975 1007 3041 tactum
1041 2976 1109 3055 est,
1140 2971 1187 3042 ad

232 3085 436 3180 sagittarios
472 3083 757 3171 conculcandos,
792 3093 829 3157 et
872 3106 1013 3156 suosa
1047 3083 1186 3178 sagittis

232 3199 484 3297 protegendos,
515 3199 692 3272 instantes
718 3199 825 3294 juxta
859 3222 944 3287 suos
978 3199 1187 3274 direxerunt

231 3315 426 3412 sagittariis
459 3324 608 3413 pectora
639 3315 784 3390 laminis
814 3314 976 3412 chalybis
1006 3325 1043 3389 et
1072 3319 1185 3392 scutis

231 3433 391 3506 nervinis
416 3433 468 3507 ita
496 3435 609 3508 solide
636 3443 815 3521 contecta,
842 3435 941 3531 quod
966 3434 1106 3530 sagittae
1132 3436 1184 3507 di-

141 3605 144 3608 -
230 3559 338 3622 rectae
371 3557 436 3622 aut
468 3549 508 3622 in
541 3550 714 3623 minutias
749 3552 795 3623 ad
829 3551 962 3623 durum
1000 3551 1185 3647 objectum

229 3665 373 3739 fixerant
399 3665 573 3762 protritae,
599 3668 657 3738 vel
685 3665 962 3739 reflectebantur
988 3668 1027 3740 in
1054 3667 1184 3766 Olym-

229 3805 331 3878 pum,
358 3783 397 3857 in
422 3782 575 3856 exitium
598 3782 756 3855 dubium·
772 3781 889 3854 hostis
911 3783 970 3855 vel
992 3784 1100 3857 amici
1123 3809 1183 3857 ru-

228 3899 344 3972 iturae.
398 3897 482 3971 Hoc
514 3898 743 3995 perpendens
772 3921 893 3971 comes
923 3896 1090 3985 Oxoniae,
1122 3900 1183 3972 de·

228 4015 369 4088 scandit
391 4039 414 4090 a
434 4014 599 4112 principe
620 4022 658 4088 et
679 4014 882 4110 sagittarios
905 4015 1035 4087 ductos
1057 4014 1096 4086 in
1118 4016 1181 4087 ob-

227 4131 369 4226 liquum
394 4131 505 4226 jussit
534 4133 580 4204 ad
609 4154 786 4226 equorum
816 4137 965 4227 pectora
999 4129 1180 4226 sagittare,

227 4272 300 4344 quo
320 4247 430 4338 facto,
452 4247 565 4322 saucii
587 4245 762 4321 dextrarii
781 4245 1015 4320 caleitrarunt
1034 4257 1072 4321 et
1095 4249 1181 4322 insi-

674 4388 698 4436 a
715 4367 738 4436 2
