3136 5016
270 647 466 738 uu.11.l6.]
499 673 544 720 Lu
565 673 695 721 annua
712 673 759 720 on
780 672 1020 721 swrumronu.
1174 648 1221 724 67

267 797 415 870 fuerunt
445 807 580 894 treugae
610 795 693 872 crim
724 799 813 894 ipsis
842 823 908 895 per
937 823 1051 873 annos
1080 801 1129 880 ,13
1156 801 1223 874 du-

267 921 408 987 naturae.

194 1109 201 1115 ,
318 1030 429 1103 Anno
466 1031 561 1104 1322
598 1031 769 1128 Philippo
806 1032 882 1104 filio
923 1031 1094 1128 Philippi,
1139 1056 1222 1129 rege

266 1146 500 1235 Francorum,
537 1149 714 1221 universae
756 1149 873 1221 carnis
907 1148 1005 1221 viam
1046 1150 1221 1244 ingresso,

200 1346 204 1358 x
268 1287 461 1358 germanus
485 1287 573 1336 suus
598 1262 750 1339 Carolus
774 1264 875 1358 regni
898 1263 1047 1339 fraterni
1070 1266 1222 1361 adeptus

131 1381 134 1386 '
268 1379 445 1466 diadema,
489 1379 590 1451 misit
632 1379 671 1451 in
705 1378 878 1474 Angliam
921 1380 1111 1453 dominum
1145 1380 1221 1454 An-

226 1509 227 1512 ’
268 1494 393 1568 dream
418 1495 464 1566 de
489 1495 684 1582 Florentia,
709 1503 746 1567 et
771 1495 884 1570 alium
909 1495 1103 1589 quemdam
1128 1496 1221 1568 mili-

268 1618 355 1695 tem,
387 1611 432 1684 ad
462 1611 649 1684 citandum
684 1635 807 1707 regem
832 1620 883 1684 ut
916 1636 956 1683 se
988 1620 1223 1707 praesentaret

269 1750 365 1800 novo
388 1727 464 1823 regi
484 1727 687 1816 Gallorum,
707 1737 743 1800 et
765 1728 899 1801 faceret
922 1727 1133 1824 homagium
1154 1753 1222 1824 pro

143 1836 147 1843 ’
268 1844 404 1917 ducatu
429 1844 633 1941 Aquitaniae
661 1854 698 1918 et
725 1845 803 1918 aliis
832 1846 906 1918 suis
935 1845 1039 1918 terris
1067 1845 1106 1918 in
1130 1868 1221 1941 prae-

270 1960 357 2033 dicti
379 1962 475 2056 regis
498 1985 621 2058 regno,
641 1971 678 2034 et
700 1961 786 2035 licet
804 1961 916 2058 Hugo
939 1962 985 2034 de
1009 1959 1165 2057 Spenser
1185 1971 1223 2034 et

269 2075 313 2148 R.
332 2078 377 2150 de
395 2076 539 2150 Raldok
556 2079 723 2174 precibus
747 2087 783 2150 et
805 2078 943 2151 meritis
966 2078 1222 2174 praedictorum

270 2194 481 2268 nuntiorum
514 2204 655 2269 mentes
691 2195 948 2270 informassent
990 2196 1221 2282 sufficienter,

269 2319 312 2383 ut
341 2311 412 2406 ipsi
441 2313 629 2409 putabant,
660 2313 759 2408 quod
784 2335 931 2384 causam
959 2310 1015 2384 sui
1044 2311 1222 2384 adventus

270 2449 346 2498 non
374 2427 603 2499 notificarent
631 2419 736 2522 regi,
752 2420 872 2498 tamen
904 2426 944 2497 in
978 2449 1045 2497 suo
1078 2449 1222 2500 recessu

270 2550 490 2613 monuerunt
507 2543 639 2636 ipsum,
658 2542 880 2615 consulendo
898 2541 996 2635 quod
1013 2540 1222 2636 homagium

270 2656 434 2732 facturus
451 2666 539 2736 tunc
560 2659 636 2753 regi
657 2681 695 2730 se
717 2666 963 2753 praesentaret.
1017 2656 1135 2752 Super
1152 2683 1223 2753 qua

271 2774 470 2846 monitione
499 2797 564 2847 seu
594 2774 765 2847 citatione
795 2774 916 2848 dictus
946 2773 1114 2846 dominus
1145 2775 1222 2846 An-

271 2891 374 2964 dreas
406 2891 450 2963 de
478 2891 671 2978 Florentia,
700 2892 763 2987 qui
791 2891 923 2964 Carolo
950 2889 1020 2963 suit
1047 2892 1221 2979 notarius,

271 3008 426 3080 concilio
454 3009 549 3104 regis
576 3007 780 3104 Anglorum
809 3009 880 3081 hoc
910 3009 1111 3104 ignorante,
1138 3007 1223 3081 fecit

270 3121 463 3220 publicum¹
499 3126 792 3210 instrumentum,
834 3126 938 3220 cujus
980 3125 1116 3198 virtute
1158 3150 1222 3198 rex

270 3240 430 3314 Franciae
460 3251 588 3314 contra
618 3265 739 3336 regem
768 3241 864 3314 facto
894 3265 1079 3338 processo,
1109 3250 1222 3316 terras

269 3360 463 3432 nonnullas
498 3358 543 3432 de
576 3360 713 3432 ducatu
748 3357 939 3433 Gasconiae
973 3367 1010 3432 et
1047 3360 1222 3433 comitatu
1268 3364 1276 3369 “

271 3475 449 3548 Pontiniae
471 3476 510 3549 in
533 3499 617 3549 suas
639 3476 814 3550 utilitates
836 3475 970 3550 lecerat
992 3476 1120 3563 seisiri‚
1139 3501 1222 3573 rege

270 3591 410 3688 Angliac
432 3602 596 3690 putante,
616 3593 711 3666 sicut
733 3595 804 3668 fuit
826 3594 1051 3682 informatus,
1070 3595 1221 3690 praedic-

269 3719 345 3782 tam
367 3709 575 3782 citationem
598 3734 673 3783 non
695 3711 852 3784 valuisse
877 3711 922 3783 de
944 3711 1036 3806 jure.
1091 3711 1223 3786 Praesa-

272 3835 346 3900 tam
368 3826 542 3915 ¹seisinam
567 3850 612 3899 ex
638 3837 741 3923 parte
763 3827 885 3901 Caroli
909 3829 1105 3924 regnantis,
1125 3829 1222 3924 cepit

272 3944 349 4038 ejus
383 3952 536 4039 patruus
566 3942 719 4017 Carolus
748 3946 794 4018 de
820 3944 968 4041 ValoyS,
998 3946 1053 4018 vir
1086 3944 1222 4018 habens

273 4059 448 4155 Anglicos
465 4061 620 4133 maxime
637 4061 792 4149 odiosos,
805 4061 867 4156 qui
880 4085 964 4134 cum
976 4083 1108 4153 magno
1121 4083 1222 4130 exer-

273 4177 360 4263 citu,
372 4177 527 4273 fungens
541 4177 708 4251 affectata
724 4178 915 4282 legatione,
928 4174 1115 4271 praetensis
1129 4174 1223 4268 regis
1258 4221 1259 4226 =

274 4289 427 4386 Angliae,
460 4301 501 4364 ut
536 4291 638 4364 ducis
665 4291 882 4386 Aquitaniae,
915 4289 1158 4362 inobedientia
1187 4298 1223 4362 et

716 4429 736 4475 n
755 4408 778 4476 2
