3118 5008
379 657 448 726 134
626 677 853 726 cunourcon
874 677 1056 726 annulum
1114 651 1323 744 [aulam.

375 804 518 899 navigio
545 813 581 876 et
606 804 784 900 portubus
811 803 950 898 Angliae
975 803 1172 890 vastandis,
1199 804 1263 898 qui
1288 804 1327 874 in

376 929 485 1016 partu
516 920 561 993 de
596 918 724 993 Sclusa
752 919 929 995 Flandriae
961 929 1136 1016 ceperunt
1165 919 1326 1015 quinque

376 1061 526 1133 magnas
553 1060 663 1110 naves
690 1037 795 1132 regis,
816 1037 878 1109 sed
904 1061 1037 1112 vacuas
1062 1037 1270 1110 hominibus
1292 1044 1329 1110 et

376 1154 633 1240 mercimoniis
651 1154 772 1228 nautis
798 1154 844 1224 ad
867 1153 995 1226 solatia
1018 1177 1144 1230 secure
1167 1153 1328 1228 vacanti-

376 1269 457 1357 bus,
477 1278 513 1344 et
537 1294 596 1345 eas
622 1271 660 1344 in
685 1261 809 1366 partes
831 1268 1066 1344 Normanniae
1089 1269 1327 1342 deduxerunt.

378 1385 471 1458 Item
498 1386 586 1460 feria
616 1396 718 1460 sexta
744 1386 909 1484 proxima
938 1394 1022 1498 post
1050 1385 1185 1461 festum
1215 1386 1327 1460 sanct·

379 1501 582 1589 Michaelis,
619 1501 881 1598 quinquaginta
914 1503 1025 1597 galeae
1059 1502 1207 1576 armatis
1240 1503 1331 1576 bene

379 1619 531 1715 stipatae,
550 1619 646 1691 circa
666 1618 794 1689 horam
810 1641 945 1690 nonam
963 1617 1009 1689 ad
1025 1626 1175 1713 portum
1193 1617 1329 1691 Hamo-

379 1735 436 1806 nis
457 1734 721 1830 applicuerunt,
740 1742 777 1805 et
793 1732 930 1819 villam,
950 1757 1030 1829 quae
1053 1743 1142 1807 tunc
1165 1758 1240 1808 non
1262 1733 1332 1809 fuit

362 1858 528 1935 armata,
548 1848 868 1944 depraedaverunt3
895 1850 1037 1922 villanis
1062 1875 1137 1946 prae
1163 1851 1331 1926 vecordia

380 1965 474 2058 sugae
500 1964 660 2060 dilapsis,
689 1965 760 2061 ipsi
786 1965 825 2038 in
851 1966 938 2038 villa
965 1976 1235 2061 pernoctarunt.
1288 1965 1332 2038 ln

384 2080 543 2156 crastino
577 2079 694 2177 patria
728 2081 944 2168 coadunata,
974 2106 1126 2158 numero
1155 2091 1334 2156 trecento-

385 2221 469 2268 rum
498 2197 701 2293 piratorum
731 2222 817 2270 cum
846 2222 971 2271 eorum
1006 2199 1099 2274 duee
1131 2199 1206 2274 filio
1240 2199 1335 2294 regis

383 2309 513 2384 Siciliae
527 2313 661 2408 juvene
678 2313 805 2397 milite,
822 2313 971 2386 fuerunt
995 2313 1186 2390 interfecti.
1239 2315 1333 2388 Prae-

383 2427 481 2502 dicto
511 2427 618 2500 militi
649 2428 749 2501 dedit
779 2428 1002 2502 Francorum
1029 2438 1206 2525 tyrannus
1234 2431 1333 2527 quic·

383 2544 470 2639 quid
487 2544 608 2640 potuit
628 2544 673 2616 de
697 2568 809 2640 regno
828 2544 968 2640 Angliae
986 2545 1158 2633 nancisei,
1177 2547 1242 2620 sed
1258 2547 1334 2643 ipse

384 2661 592 2756 aquodam
627 2659 764 2734 rustico
793 2670 899 2734 terrae
930 2669 1144 2757 prostratus,
1177 2665 1335 2736 clamans

385 2783 406 2813 “
420 2777 633 2864 Raneoun‚''
652 2778 824 2852 occubuit
840 2777 997 2852 fustibus
1015 2787 1195 2854 mactatus
1213 2781 1258 2855 ab
1275 2805 1335 2854 eo-

387 2895 469 2966 dem
504 2895 654 2980 rustico,
690 2896 920 2982 reclamante,
951 2901 972 2931 “
986 2896 1061 2970 seio
1091 2897 1189 2992 quod
1223 2907 1264 2972 tu
1298 2921 1336 2972 es

386 3010 578 3084 Frauncon
590 3013 623 3097 ;''
651 3011 845 3084 nonenim
869 3012 1046 3088 intellexit
1072 3037 1139 3087 nec
1165 3015 1243 3110 ejus
1268 3015 1335 3088 idi-

388 3151 483 3212 oma,
499 3151 565 3198 nec
578 3135 655 3200 erat
667 3126 797 3200 doetus
815 3138 941 3224 captos
959 3154 1151 3224 generosos
1172 3134 1336 3228 redemp-

386 3241 478 3314 tioni
505 3264 728 3314 conservare.
782 3242 909 3339 Itaque
936 3246 1071 3320 residui
1095 3245 1337 3322 Januensium

386 3368 470 3456 post
494 3359 748 3458 particularem
769 3361 865 3435 villae
887 3365 1189 3454 combustionem,
1209 3367 1255 3439 ad
1275 3391 1336 3461 ga-

385 3478 459 3548 leas
491 3475 717 3570 (quibusdam
753 3479 962 3570 submersis)
992 3480 1174 3578 fugerunt.
1229 3481 1336 3555 Hane

387 3593 508 3664 villam
536 3593 613 3688 ejus
641 3593 767 3666 incolae
797 3598 918 3693 amplo
946 3621 1051 3670 muro
1081 3607 1208 3694 postea
1235 3598 1335 3671 cinx-

387 3715 505 3782 erunt.

391 3859 393 3864 ¹
437 3824 522 3901 Hoc
551 3850 647 3900 anno
677 3853 738 3900 rex
768 3830 907 3926 Angliae
937 3853 1002 3924 per
1035 3838 1148 3902 totam
1181 3830 1336 3906 hiemem

387 3943 485 4039 apud
510 3942 713 4042 Andewerp
738 3945 999 4041 perendinavit,
1025 3944 1089 4015 ubi
1117 3945 1241 4041 regina
1267 3949 1334 4021 sihi

388 4061 528 4156 peperit
544 4061 733 4134 dominum
746 4060 979 4145 Leuencium,
993 4058 1165 4134 comitem
1182 4061 1335 4138 Dolves-

388 4177 488 4251 tiere.
539 4177 632 4252 Item
654 4203 717 4250 rex
743 4179 904 4274 suscepit
921 4178 1134 4254 vicariatum
1152 4183 1293 4280 imperii
1315 4211 1338 4257 a

389 4295 538 4387 praefato
555 4298 646 4368 duee
665 4295 837 4382 Bavariae,
856 4297 918 4392 qui
941 4321 981 4372 se
1003 4301 1120 4374 tenuit
1137 4302 1337 4398 pro-impe·
1416 4324 1420 4332 ·
