3110 5026
245 635 456 728 saraae]
497 662 541 709 ru
562 662 689 710 aarum
709 662 756 711 nn
777 662 1017 712 swinaaorm.
1121 642 1195 713 245

242 784 433 874 munitam,
468 809 578 883 quam
612 811 733 860 comes
767 785 901 868 Derbie
935 788 1075 862 dudum
1109 813 1196 864 con-

241 901 401 995 quisivit,
428 910 471 974 ut
504 913 559 977 est
593 927 707 1000 supra
736 912 889 992 tactum,
918 913 954 978 et
987 905 1081 978 infra
1110 915 1204 979 octo

239 1015 482 1092 hebdomadas
510 1043 531 1091 a
559 1019 727 1114 captione
752 1019 860 1106 villae,
888 1028 1050 1092 castrum
1076 1021 1198 1094 reddi·¹
1245 1001 1247 1006 ,

238 1141 320 1209 tum
353 1136 523 1238 suscepit.
586 1134 656 1207 Die
686 1134 862 1207 Mercurii
892 1136 1059 1212 dominus
1094 1139 1193 1232 prin-

238 1273 324 1345 ceps
344 1250 491 1324 advenit
509 1250 698 1347 Regulam,
717 1251 822 1347 cujus
845 1251 929 1346 equi
952 1261 989 1324 et
1011 1253 1194 1348 quadrigae

236 1367 459 1440 transierunt
486 1361 624 1439 flumen
654 1367 698 1440 de
729 1366 901 1440 Geroude
933 1367 972 1443 in
1005 1369 1099 1454 loce,
1130 1370 1193 1442 ubi

236 1507 426 1577 nunquam
447 1493 552 1559 antea
573 1493 778 1558 memoratu
796 1485 925 1580 aliquis
943 1509 1057 1580 equus
1075 1494 1194 1562 trans-

236 1601 382 1674 meavit.
453 1602 499 1675 ln
532 1602 672 1698 Regula
707 1602 862 1676 concilio
898 1603 1074 1699 principis
1108 1627 1196 1676 con-

235 1718 344 1803 sulto,
380 1718 536 1792 ordinati
568 1719 714 1792 fuerunt
749 1718 933 1815 principes
968 1729 1004 1790 et
1038 1719 1192 1793 barones

234 1833 281 1905 ad
306 1833 541 1910 hiemandum
568 1836 607 1908 in
633 1835 815 1908 distinctis
841 1836 931 1908 locis
958 1859 1067 1932 super
1092 1834 1193 1908 Mar-

188 2029 192 2034 ,
234 1949 365 2038 chiam,
394 1953 550 2049 patriam
577 1953 811 2026 intrinsecam
840 1951 1032 2025 Gasconiae
1064 1963 1194 2027 contra

233 2070 411 2143 versutias
446 2069 671 2144 Gallicorum
705 2071 918 2168 protecturi,
948 2071 1011 2166 qui
1046 2095 1067 2143 a
1101 2070 1192 2144 locis

234 2185 284 2256 eis
320 2186 501 2282 deputatis
536 2197 573 2260 et
608 2187 789 2282 sapienter
827 2187 1029 2274 custoditis,
1065 2188 1195 2262 crebro:

234 2301 397 2396 digressi,
428 2303 565 2374 multos
594 2302 757 2397 egregios
787 2302 929 2374 labores
961 2313 1190 2396 superarunt,

233 2442 300 2490 nec
327 2417 448 2490 minus
474 2418 614 2514 praedas
641 2418 831 2513 opulentas
855 2417 900 2488 ab
926 2416 1050 2489 hostili
1075 2419 1194 2512 patria

233 2534 442 2608 detulerunt
475 2535 513 2606 in
544 2533 848 2607 sustentationem
883 2541 1029 2606 armatae
1060 2533 1190 2629 juven-

232 2651 334 2739 tutis,
356 2663 393 2724 et
419 2651 633 2725 ditationem
657 2651 784 2747 patriae
811 2649 963 2735 devotae,
988 2650 1032 2721 de
1058 2651 1193 2745 quibus·

232 2768 442 2864 singillatim
460 2770 537 2842 sine
555 2769 746 2866 dispendio
764 2785 839 2840 non
856 2776 985 2863 potero
1004 2776 1170 2840 tractare.

282 2884 432 2957 ANNO
467 2884 616 2957 Domini
650 2885 759 2972 1356,
791 2884 893 2980 regni
923 2882 1018 2978 regis
1049 2883 1189 2979 Angliae

230 3001 292 3089 30,
322 3002 418 3074 circa
445 3011 654 3096 praetactam
683 3001 992 3098 dispensationem
1018 2999 1188 3096 princeps

230 3143 376 3194 novam.
406 3143 554 3191 auream
596 3127 782 3191 monetam
820 3119 860 3189 in
895 3117 1076 3189 Gasconia
1108 3117 1189 3190 fieri

230 3236 408 3309 diffinivit.
429 3250 439 3262 “
461 3235 547 3332 Ipso
566 3259 711 3332 quoque
734 3236 830 3307 circa
850 3233 1114 3330 reparationem
1131 3235 1191 3310 di-¹

229 3361 397 3427 rutorum
427 3362 463 3426 et
499 3353 570 3425 alia
598 3354 714 3425 multa
744 3351 1011 3424 conservationi
1039 3351 1188 3446 reipub-

227 3472 306 3544 lioae
349 3470 530 3566 sapienter
572 3480 763 3565 occupato,
807 3469 943 3541 timidae
985 3469 1185 3564 phantasiae

229 3587 432 3660 Galliarum
457 3586 642 3658 finxerunt
667 3595 703 3659 et
728 3585 951 3659 ventilarunt
976 3585 1072 3660 sama
1098 3610 1189 3682 que·

227 3705 317 3790 rula,
335 3703 434 3798 quod
459 3702 627 3774 dominus
653 3726 717 3778 rex
742 3702 881 3797 Angliae
906 3701 945 3772 in
971 3699 1188 3776 Neustriam·

227 3820 473 3918 applicuisset,
509 3819 613 3914 cujus
651 3818 817 3914 figmenti
855 3816 1081 3890 occasionem
1124 3821 1186 3892 vel

227 3962 353 4011 somno
372 3945 558 4033 ceperunt,
575 3937 634 4008 vel
656 3959 702 4007 ex
725 3959 768 4007 eo
792 3935 891 4030 quod
913 3935 1082 4006 dominus
1106 3934 1188 4008 dux.

226 4052 456 4141 Lancastriae,
493 4063 684 4149 postquam
718 4051 924 4126 inforciavit
962 4049 1186 4124 victualibus.

226 4181 264 4245 et
288 4172 397 4244 armis
423 4173 643 4245 munitiones
670 4180 707 4244 et
732 4180 850 4244 castra
875 4167 969 4263 regis
992 4165 1185 4253 Navarrae,

226 4289 408 4365 ininsula
434 4287 675 4364 Constantina
702 4297 738 4360 et
765 4287 803 4358 in
831 4284 956 4358 multis
982 4281 1061 4356 aliis
1088 4282 1185 4360 locis.
