3120 5008
392 595 461 668 130
643 612 871 662 cnrourcou
891 611 1076 662 saaraim
1125 591 1219 682 [mo.
1234 588 1341 664 1337.

388 750 512 840 posset
528 742 705 838 reciperet
721 740 821 812 misit
834 739 1068 812 Brabantiam
1085 738 1133 812 ad
1149 763 1344 812 numerum

389 859 541 955 triginta
573 858 730 931 millium
759 879 950 930 saccorum
980 879 1067 928 cum
1095 857 1253 951 navigio,
1283 856 1345 928 cui

388 975 550 1074 praefecit
584 977 756 1049 ducatum
787 974 955 1046 dominus
985 997 1106 1046 comes
1135 972 1344 1068 Norhamp-

389 1105 486 1180 tone,
504 1093 640 1166 babens
664 1093 703 1166 in
725 1092 887 1164 exercitu
904 1091 1110 1187 sagittarios
1127 1099 1164 1164 et
1182 1090 1344 1164 Wallen-

390 1235 447 1284 ses
470 1211 507 1283 in
531 1234 663 1306 magna
679 1217 834 1296 caterva,
854 1210 917 1304 qui
934 1209 1097 1286 animum
1115 1208 1259 1281 comitis
1276 1207 1343 1280 du-

390 1328 442 1402 cis
456 1326 661 1400 Brabantiaa
672 1327 712 1398 in
725 1325 924 1400 amicitiam
941 1326 1035 1421 regis
1048 1325 1203 1422 Angliae,
1217 1333 1343 1398 contra

391 1467 517 1518 omnes
539 1466 625 1516 suos
645 1442 814 1516 inimicos
835 1465 1053 1516 conversum
1070 1435 1342 1515 confirmarunt.

390 1560 529 1634 Eodem
552 1584 697 1657 quoque
720 1584 816 1632 anno
840 1559 986 1658 scripsit
1012 1560 1135 1634 literas
1160 1559 1345 1656 expositu-

392 1699 451 1749 ras
474 1675 579 1748 initia
603 1675 877 1748 inimicitiarum
901 1676 997 1749 inter
1020 1678 1143 1774 ipsum
1165 1684 1202 1748 et
1225 1685 1346 1772 tyran·

393 1816 484 1864 num
525 1789 685 1864 Francius
720 1800 941 1879 exortarum,
976 1816 1066 1890 quas
1109 1791 1273 1865 Waltero
1313 1792 1348 1863 le

393 1908 529 2002 Magne
555 1908 664 1980 militi
690 1931 757 1980 suo
782 1909 880 1981 fideli
905 1908 1177 2006 Burgundiensi
1201 1908 1350 1982 tradidit

395 2021 605 2096 deferendas
652 2023 846 2097 comitibus
889 2024 1080 2111 Hanoniae‚
1126 2023 1271 2111 Gelriae,
1313 2032 1350 2096 et

394 2137 606 2223 Juliaoensi,
642 2139 704 2234 qui
738 2163 864 2212 omnes
903 2140 1102 2215 amicitiam
1142 2150 1181 2214 et
1223 2150 1351 2214 contra

396 2277 523 2328 omnes
562 2255 717 2351 injustos
752 2279 837 2328 suos
876 2257 1100 2330 adversarios
1138 2256 1351 2330 fidelitatem

396 2371 473 2468 regi
498 2395 564 2468 per
591 2395 717 2444 eorum
746 2371 869 2446 literas
898 2382 1065 2470 patentes
1092 2373 1349 2472 compromise-

394 2497 492 2562 runt.
545 2487 721 2562 Praesatus
740 2488 925 2563 Walterus
947 2491 992 2563 de
1010 2489 1145 2586 Magne
1165 2514 1234 2587 pro
1258 2498 1348 2563 tem-

395 2629 484 2702 pore
518 2628 592 2678 suae
625 2604 817 2701 legationis
850 2605 1102 2680 vindicaturus
1137 2606 1349 2702 sanguinem

397 2722 555 2795 duorum
571 2721 822 2817 Augnoorum,
846 2746 937 2817 quos
961 2724 1176 2819 quaesituros
1199 2723 1351 2796 navibus

397 2863 508 2935 aquas
552 2848 727 2926 recentes,
770 2839 950 2934 indigenae
992 2840 1183 2935 cujusdam
1226 2840 1351 2912 insulae

394 2956 500 3051 juxta
525 2955 733 3028 Flandriam
758 2979 923 3042 necuere,
943 2980 1069 3030 omnes
1096 2979 1188 3052 quos
1214 2955 1351 3028 invenit

398 3071 438 3142 in
460 3070 585 3142 eadem
609 3071 727 3145 insula
746 3072 856 3167 jussit
881 3072 919 3144 in
946 3096 1008 3145 ore
1035 3071 1145 3167 gladii
1167 3070 1351 3156 trucidari,

399 3187 498 3280 quod
532 3186 768 3259 effectualiter
800 3187 871 3260 fuit
903 3188 1109 3284 impletum,
1145 3188 1225 3285 ipso
1262 3210 1353 3283 prae·

399 3310 519 3374 eunte.
573 3300 713 3374 Ibidem
731 3303 841 3375 stiam
858 3305 955 3400 cepit
972 3328 1188 3400 germanum
1209 3303 1354 3378 comitis

399 3416 590 3502 Flandriae,
605 3441 713 3513 quem
730 3443 795 3493 rex
810 3419 952 3515 Angliae
970 3421 1038 3494 sibi
1056 3421 1257 3494 adductum
1274 3421 1354 3518 pul·

402 3533 472 3606 cris
497 3534 719 3623 muneribus
743 3537 845 3631 equis
865 3545 902 3609 et
918 3538 1098 3632 jocalibus
1122 3537 1353 3624 honoratum,

401 3649 610 3723 Flandriam
627 3652 766 3725 remisit
788 3677 873 3724 oum
895 3653 1071 3726 libertate.
1124 3653 1271 3728 Initiato
1287 3676 1354 3751 per

400 3766 552 3838 modum
578 3767 801 3864 descriptum
828 3766 969 3842 Gallica
994 3792 1135 3864 guerra,
1162 3778 1199 3841 et
1224 3768 1357 3843 deinde

401 3882 607 3957 rumoribus
628 3885 675 3958 ad
697 3885 836 3958 curiam
853 3883 1058 3958 Romanam
1074 3885 1272 3972 ventilatis,
1292 3885 1356 3956 do-

400 4000 522 4073 minus
550 4025 646 4097 papa
675 4000 775 4074 misit
805 4000 897 4073 duos
930 4003 1130 4077 cardinales
1165 4025 1232 4099 pro
1268 4023 1357 4096 pace

401 4107 630 4190 reformanda
652 4116 747 4188 inter
769 4139 884 4212 reges,
904 4119 967 4213 qui
989 4119 1088 4215 apud
1104 4116 1356 4190 Westmonas-

401 4231 534 4306 terium
560 4241 807 4327 exposuerunt
844 4257 967 4308 coram
1001 4259 1085 4330 rege
1117 4255 1267 4308 oausam
1301 4231 1358 4307 sui
