3118 5008
221 633 295 680 an.
315 565 439 699 1526]
485 631 530 678 nn
550 630 677 678 aaron
696 631 743 678 nn
763 629 1003 680 swrunnonn.
1121 614 1167 684 99

220 780 305 852 gore
333 757 451 829 finivit
481 756 778 830 inveterationem
808 756 947 829 dierum
976 759 1167 833 malorum.

221 871 294 946 Hic
319 872 473 946 Carolus
499 881 578 945 erat
604 895 796 967 germanus
822 872 983 970 Philippi
1006 876 1040 946 le
1064 873 1170 946 Beals

221 989 316 1084 regis
345 988 515 1062 Francia.
570 987 761 1085 Philippus
796 989 923 1084 genuit
958 999 1031 1062 tres
1064 990 1170 1076 filios,

221 1106 360 1180 scilicet
374 1104 613 1179 Ludowioum
630 1128 752 1200 regem
769 1103 946 1192 Navarra,
960 1106 1173 1203 Philippum

221 1221 393 1294 comitem
410 1221 592 1306 Pictaviae,
611 1228 649 1292 et
669 1219 843 1292 Carolum
866 1221 1035 1294 comitem
1057 1246 1172 1319 quon-

221 1338 307 1409 dam
324 1335 498 1409 Marohiae
511 1337 617 1430 juxta
634 1333 865 1422 Gasconiam,
885 1336 948 1408 sed
965 1337 1172 1432 impraesen-

222 1453 357 1526 tiarum
374 1473 497 1547 regem
514 1451 685 1537 Franciae,
703 1460 741 1525 et
758 1451 906 1547 insuper
921 1475 1034 1526 unam
1051 1453 1173 1539 filiam,
1315 1499 1317 1503 -

224 1570 363 1644 scilicet
386 1568 576 1642 Isabellam
599 1569 643 1640 de
664 1591 735 1663 qua
758 1567 898 1641 dictum
923 1567 990 1656 est,
1015 1561 1175 1664 reginam

224 1685 374 1780 Angliae,
391 1685 497 1781 cujus
513 1684 610 1758 filius
628 1691 704 1756 erat
720 1683 781 1754 ille
799 1683 977 1778 gloriosus
993 1708 1057 1756 rex
1074 1708 1175 1780 mag-

224 1802 425 1898 nificusque
455 1800 699 1897 triumphator
727 1799 927 1874 Edwardus
955 1801 1084 1892 tertius
1112 1825 1176 1874 rex

225 1917 377 2014 Angliae.
435 1917 587 1992 Carolus
617 1940 704 1989 vero
739 1916 784 1988 de
812 1916 957 1990 Valesio
991 1917 1174 2013 praesatus,

226 2033 350 2129 genuit
372 2033 583 2129 Philippum
606 2033 651 2105 de
668 2031 827 2118 valesio,
850 2043 993 2128 patrem
1010 2032 1175 2119 Joannis,

227 2149 418 2245 dequibus
435 2149 529 2221 infra
546 2148 696 2221 dicetur.
738 2148 827 2221 Post
844 2159 1000 2222 mortem
1019 2149 1178 2245 Philippi

227 2264 271 2337 de
295 2264 400 2336 Beals
423 2265 516 2356 regis
538 2263 709 2350 Franciae,
729 2287 817 2354 suus
838 2264 936 2336 filius
958 2263 1175 2337 Ludowicus

227 2381 378 2477 adeptus
400 2389 592 2476 paternum
616 2379 792 2464 diadema,
811 2380 963 2469 consilio
979 2381 1102 2475 patrui
1123 2381 1179 2452 sui

228 2495 350 2567 Caroli
366 2493 573 2579 instinctus,
593 2494 711 2589 primo
726 2517 822 2566 anno
840 2494 941 2589 regni
958 2494 1015 2566 sui
1032 2494 1180 2567 tradidit

228 2609 425 2707 suspendio
459 2608 716 2704 Ingeramnum
746 2609 791 2680 de
820 2607 988 2704 Mareny,
1019 2610 1082 2704 qui
1111 2609 1181 2682 fuit

227 2725 438 2824 principalis
456 2725 681 2798 consiliarius
698 2725 812 2820 patris
831 2725 887 2797 sui
904 2723 1074 2820 Philippi.
1110 2725 1180 2797 Re-

229 2842 313 2939 gina
326 2865 470 2938 quoque
488 2865 580 2913 uxor
598 2864 674 2927 sua,
692 2839 768 2912 filia
781 2841 929 2913 comitis
947 2840 1179 2936 Burgundiae,

228 2967 378 3054 propter
411 2956 641 3043 adulterium,
677 2955 815 3029 scilicet
849 2955 1062 3053 impositum
1097 2981 1183 3030 cum

228 3075 398 3172 Philippo
415 3073 546 3146 Daune
562 3073 689 3160 milite,
710 3073 781 3146 fuit
797 3073 985 3147 suffocata.
1021 3071 1182 3146 Demum

230 3192 275 3264 de
294 3193 370 3264 filia
390 3191 484 3288 regis
502 3190 701 3286 Hungariae
723 3191 792 3265 sibi
816 3191 994 3278 maritata,
1015 3189 1182 3263 Clemen-

231 3309 282 3380 tia
306 3309 464 3393 nomine,
492 3307 770 3403 gennadium,
799 3307 861 3403 qui
888 3316 1029 3404 septem
1057 3307 1182 3382 diebus

232 3424 380 3521 proecise
397 3423 498 3508 vixit,
518 3423 577 3494 cui
598 3421 834 3519 postmodum
857 3445 921 3517 per
943 3431 1098 3496 mortem
1120 3447 1183 3519 pa-

232 3550 288 3611 tre
314 3563 381 3610 suo
407 3537 592 3632 migrante
613 3537 788 3611 successit
815 3537 854 3608 in
881 3561 1033 3632 regnum
1058 3537 1184 3611 irater·

232 3679 322 3728 num
351 3653 554 3750 Philippus,
585 3654 645 3727 oui
674 3654 751 3725 sine
780 3653 922 3726 haerede
951 3653 1186 3750 corporaliter
1267 3663 1270 3668 '

233 3770 424 3869 progenito
441 3769 537 3867 patri
557 3778 595 3842 et
613 3768 715 3842 sratri
733 3769 864 3841 mortis
879 3769 1007 3841 itinere
1024 3771 1185 3857 obeunti,

235 3889 409 3962 successit
425 3887 555 3961 tertius
572 3887 717 3958 illorum
734 3886 846 3959 trium
859 3881 1027 3975 fratrum,
1047 3877 1187 3960 scilicet

238 4000 403 4088 Carolus,
432 4027 540 4099 quem
567 4026 680 4098 quum
709 4001 800 4090 vidit
829 4011 981 4098 patruus
1008 4003 1103 4095 ejus,
1131 4002 1188 4073 vir

237 4121 338 4194 mirae
355 4120 572 4206 calliditatis,
588 4117 740 4194 Carolus
758 4117 952 4214 praedictus
971 4119 1016 4190 de
1029 4116 1187 4201 Valerio,

240 4236 303 4310 diu
330 4259 414 4309 oum
444 4236 567 4332 regina
595 4235 777 4331 quondam
807 4234 990 4306 comitissa
1018 4255 1093 4324 pon
1122 4232 1190 4302 im-

646 4369 652 4382 ’
685 4351 749 4418 o2
