3118 5008
290 603 292 606 .
365 546 434 615 112
613 545 837 612 enno'urcou
858 561 1040 610 anisium
1099 541 1311 630 [n.n.l330.

359 692 482 788 vigilia
505 690 621 763 sancti
644 689 799 761 Andreae
823 688 988 783 sequenti
1011 695 1149 760 tractus
1173 698 1210 760 et
1234 711 1314 760 sus-

360 832 507 904 pensus,
543 812 690 901 guerras
728 805 918 878 intestinas
952 829 1019 901 per
1052 813 1168 877 totam
1201 805 1315 877 vitam

360 947 464 996 snam
492 923 839 1002 crebrosuscitatas
866 945 976 1017 super
1001 920 1189 994 communi
1213 919 1316 995 birca

360 1038 544 1111 latronum
570 1038 668 1133 apud
691 1035 825 1122 urmes,
846 1059 912 1108 sua
929 1046 1047 1110 morte
1063 1037 1193 1110 finivit.
1246 1037 1317 1110 Per

360 1179 445 1228 suos
480 1179 586 1251 pares
616 1153 686 1228 fuit
716 1153 827 1226 morti
862 1153 1040 1248 condigne
1075 1153 1314 1244 adjudicatus,

360 1277 435 1366 n'on
462 1280 584 1344 tamen
611 1270 712 1343 venit
741 1294 864 1342 coram
895 1269 959 1356 eis,
990 1294 1058 1342 nec
1089 1271 1316 1366 responsioni

360 1387 608 1474 ratiocinatus,
628 1387 801 1483 quoniam
818 1409 840 1458 a
855 1394 972 1459 morte
990 1386 1133 1459 comitis
1159 1386 1315 1493 Lances-

360 1504 449 1590 triae,
469 1501 679 1587 Wintoniae,
697 1510 734 1574 et
753 1500 991 1574 Gloucestriae
1009 1510 1045 1574 et
1063 1499 1214 1590 Cantica,
1240 1527 1315 1575 non

361 1621 527 1694 solebant
555 1619 693 1692 nobiles
721 1619 913 1691 ratiocinio
942 1618 1119 1713 deputari,
1147 1619 1212 1690 sed
1237 1618 1315 1691 sine

361 1736 595 1833 responsione
638 1744 746 1829 atque
784 1734 945 1830 legitima
983 1734 1315 1812 communicatione

361 1851 559 1948 perierunt,
578 1850 675 1923 unde
699 1873 818 1922 comes
844 1849 912 1922 iste
931 1850 1013 1945 jure
1039 1851 1138 1945 quod
1163 1849 1202 1922 in
1225 1850 1315 1923 alte-

351 1991 443 2039 ·rum
474 1965 657 2051 statuitur,
686 1989 776 2038 usus
807 1966 941 2051 extitit,
969 1969 1005 2038 et
1032 1967 1138 2061 juxta
1166 1967 1316 2038 eandem

361 2089 569 2154 mensuram
607 2105 716 2177 quam
759 2081 840 2154 aliis
884 2105 1032 2154 mensus
1074 2081 1202 2169 fuerat,
1238 2092 1316 2155 erat

362 2199 479 2271 eidem
514 2220 731 2270 remensum.
786 2196 914 2270 Causae
945 2222 1033 2270 vero
1063 2198 1190 2270 mortis
1224 2199 1315 2294 prae-

276 2295 278 2306 '
362 2315 450 2388 aion
484 2315 625 2388 comitis
662 2314 851 2400 Marchrae,
888 2314 1089 2387 secunaum
1119 2315 1217 2410 quoa
1246 2316 1316 2389 sni

361 2432 652 2528 imponebantur,
687 2433 790 2504 erant
825 2431 926 2502 istae:
963 2430 1092 2527 prima,
1128 2431 1213 2527 quia
1245 2431 1315 2505 fuit

361 2549 592 2622 consentiens
619 2547 848 2620 suffocationi
872 2547 986 2643 patris
1012 2547 1118 2642 regis,
1144 2550 1313 2637 secunda,

363 2667 447 2761 quia
470 2667 548 2762 ipse
574 2673 720 2761 recepta
744 2687 874 2760 magna
897 2687 1040 2736 summa
1063 2665 1225 2759 pecuniae
1248 2666 1314 2738 im-

361 2784 500 2879 pedivit
525 2783 702 2854 honorem
732 2781 827 2877 regis
854 2781 952 2877 apud
980 2779 1225 2877 Stanoppark,
1252 2780 1316 2855 ubi

363 2899 509 2994 signum
544 2897 645 2968 dedit
680 2894 799 2968 Sectis
841 2905 885 2968 ut
922 2895 1100 2991 fugerent,
1135 2921 1317 3000 perpenso

362 3013 459 3108 quod
490 3011 670 3083 exercitus
701 3009 943 3104 Anglicorum
977 3010 1104 3084 fuisset
1137 3012 1316 3087 verisimi-

361 3129 443 3199 liter
466 3127 731 3223 praevalituruS,
751 3126 822 3198 nisi
845 3127 922 3223 ipse
940 3127 1002 3222 qui
1020 3128 1123 3222 quasi
1146 3128 1317 3203 duxerat

239 3328 241 3334 s
362 3243 455 3338 regis
483 3242 630 3339 puerilis
658 3249 695 3314 et
722 3242 915 3328 exercitus,
945 3250 1022 3314 tam
1053 3243 1219 3336 gloriosis
1245 3245 1315 3316 ini-

363 3359 423 3431 tiis
451 3357 629 3454 regalibus
658 3355 867 3430 invidisset:
896 3358 1015 3446 terti0,
1043 3358 1212 3452 quoniam
1238 3385 1316 3435 ma-

363 3475 575 3546 trimonium
603 3483 830 3548 contractum
854 3475 950 3546 inter
972 3497 1133 3546 sororem
1159 3476 1254 3572 regis
1280 3487 1317 3551 et

362 3591 480 3663 filium
502 3591 652 3664 Roberti
677 3593 711 3665 le
736 3590 893 3689 Bruyus,
920 3590 1024 3684 cujus
1045 3593 1121 3686 jam
1143 3594 1317 3688 poenituit

363 3707 499 3780 amicos
523 3709 652 3803 regim,
672 3709 749 3805 ipse
771 3709 850 3781 fieri
872 3707 1092 3803 procuravit,
1114 3716 1151 3780 et
1168 3708 1318 3806 insuper

364 3825 642 3898 submissionem
670 3825 862 3898 Scotorum
889 3823 965 3919 regi
991 3823 1134 3920 Angliae
1160 3826 1317 3922 antiqui-

364 3951 424 4016 tus
442 3942 648 4038 obligatam,
667 3967 732 4038 per
749 3941 1038 4016 combustionem
1056 3941 1264 4015 chartarum
1280 3953 1318 4016 et

362 4059 626 4157 indulgentiam
639 4083 789 4133 summae
801 4057 976 4133 libertatis
989 4049 1186 4145 consuluit,
1205 4059 1317 4131 immo
