3136 5016
359 556 407 625 50
621 573 848 626 cuaourcou
867 575 1051 624 GALFRIDI
1110 554 1311 644 [anneot

356 703 469 799 regni,
489 703 588 798 apud
611 701 806 776 Boloniam
828 701 902 775 ritu
924 702 1082 776 maritali
1105 703 1174 777 sibi
1198 731 1310 802 copu-

356 819 456 906 lavit,
482 819 608 914 quinto
635 819 802 892 calendas
829 817 1025 891 Februarii.
1078 819 1223 893 Abinde
1249 846 1313 893 rex

356 934 497 1029 Angliae
515 959 600 1007 cum
617 958 731 1007 uxore
754 958 821 1007 sua
843 943 881 1006 et
903 958 1035 1030 magua
1055 935 1233 1008 nobilium
1250 961 1311 1008 co-

357 1052 483 1123 mitiva
500 1052 628 1146 quinto
646 1050 704 1123 die
721 1049 906 1124 Februarii
930 1051 977 1122 ad
996 1051 1168 1145 Angliam
1193 1075 1312 1123 rever-

358 1191 431 1253 sus,
453 1168 579 1240 eodem
603 1192 711 1255 anno,
731 1167 886 1263 septimo
910 1167 1077 1239 calendas
1098 1166 1238 1254 Martii,
1257 1191 1312 1240 re-

356 1285 452 1379 giam
477 1294 626 1382 portans
653 1309 838 1371 coronam,
866 1307 952 1356 cum
976 1284 1100 1378 regina
1125 1292 1309 1372 coronata,

357 1403 456 1497 apud
470 1400 850 1486 Westmonasterium‚
876 1398 1109 1472 Dominicam
1131 1400 1171 1471 in
1196 1399 1314 1482 Quin·-

358 1541 464 1614 quag.
493 1517 753 1590 solennizavit:
794 1540 870 1588 non
896 1522 995 1588 extat
1019 1517 1312 1610 pratereundum

357 1634 455 1730 quod
472 1634 548 1727 regi
565 1634 604 1704 in
620 1633 784 1728 partibus
803 1630 930 1703 Galliae
947 1655 1099 1703 uxorem
1117 1632 1312 1728 desponsa·

356 1758 451 1836 turo,
467 1748 708 1822 commoranti
720 1748 983 1842 representavit
996 1771 1034 1820 se
1047 1748 1231 1842 quondam
1244 1748 1311 1821 sibi

355 1864 554 1949 familiaris
568 1865 633 1936 sed
648 1872 830 1959 praecepto
848 1863 962 1959 patris
980 1863 1167 1936 abdicatus
1181 1863 1311 1936 Petrus

356 1980 401 2052 de
419 1978 626 2051 Gavestone
648 1979 856 2075 praedictus,
876 2003 985 2074 quem
1003 2003 1068 2051 rex
1085 1979 1129 2051 ab
1147 1980 1255 2051 exilio
1272 1979 1311 2050 in

356 2095 528 2189 Angliam
557 2096 715 2180 reduxit,
744 2095 804 2169 cui
831 2095 941 2167 etiam
968 2095 1068 2167 dedit
1096 2095 1311 2168 comitatum

357 2209 562 2296 Comubiae,
587 2219 624 2283 et
646 2211 758 2284 filiam
782 2211 915 2284 sororis
940 2233 1027 2297 suae,
1051 2210 1222 2283 videlieet
1247 2211 1310 2283 do-

356 2328 465 2401 minae
481 2326 633 2401 Joannae
655 2329 699 2402 de
716 2327 841 2414 Acras,
861 2327 1054 2400 comitissae
1072 2328 1117 2398 de
1135 2315 1310 2400 Glauces-

355 2445 436 2533 tria‚
458 2445 498 2518 in
517 2470 681 2518 uxorem.
733 2444 823 2516 Erat
838 2445 908 2517 iste
926 2443 1055 2516 Petrus
1072 2444 1219 2516 natione
1239 2499 1248 2515 .
1270 2501 1278 2516 .
1300 2500 1309 2515 .

359 2616 366 2633 .
392 2615 401 2632 .
427 2618 434 2633 .
461 2618 469 2632 .
493 2586 644 2658 corpore
671 2561 815 2656 elegans
841 2569 878 2631 et
904 2559 1017 2654 agilis,
1046 2559 1191 2654 ingenio
1216 2583 1309 2646 acer,

357 2677 518 2750 moribus
542 2679 719 2764 curiosus
738 2677 777 2748 in
797 2700 836 2749 re
860 2675 1007 2747 militari
1031 2675 1117 2747 satis
1139 2675 1311 2748 exercita-

356 2804 428 2882 tus,
444 2796 488 2867 de
502 2819 574 2890 quo
587 2793 788 2866 valentium
801 2791 919 2864 dicere
937 2791 1198 2878 testimonium,
1213 2792 1311 2887 quod

355 2910 436 3005 ipso
457 2911 496 2981 in
518 2909 684 3003 partibus
706 2906 837 2979 Scotiae
858 2906 1007 2980 ducatui
1026 2906 1164 2979 militiae
1187 2906 1310 3002 praesi-

356 3025 475 3110 dente,
506 3023 634 3095 Scotos
661 3021 767 3094 valde
794 3023 925 3095 terruit
949 3030 987 3094 et
1013 3022 1147 3118 repulit
1170 3046 1193 3092 a
1219 3045 1310 3118 prae-

356 3137 462 3209 dictis
476 3145 512 3208 et
525 3136 604 3208 aliis
617 3135 773 3208 vesaniis
791 3137 1069 3230 magnanimitas
1083 3137 1286 3233 Anglorum
1299 3135 1320 3225 3⁸

357 3277 430 3348 quo
453 3276 518 3347 per
543 3250 717 3324 invidiam
738 3251 861 3324 felices
886 3276 1074 3326 successus
1097 3253 1211 3350 ipsius
1235 3253 1312 3326 odi-

356 3369 496 3442 entium
517 3367 702 3441 demedio
724 3369 920 3459 subtracto,
940 3370 1128 3443 incanduit
1151 3379 1187 3442 et
1208 3370 1311 3442 inva-

355 3485 424 3558 luit
441 3485 480 3558 in
497 3485 682 3558 ministros
700 3485 794 3581 regis
805 3484 946 3580 Angliae
959 3487 1086 3558 castris
1100 3485 1231 3559 Scotiae
1249 3487 1310 3558 de-

355 3609 503 3696 putatos
519 3608 666 3674 versuta
685 3599 879 3674 Scotorum
895 3601 1094 3696 vigilantia.
1125 3601 1311 3675 Praedictae

356 3717 581 3791 coronationi
615 3718 797 3790 affuerunt
835 3715 988 3790 Carolus
1021 3718 1132 3791 frater
1165 3717 1309 3812 reginae,
1407 3740 1410 3746 ·

355 3831 501 3904 futurus
526 3856 590 3904 rex
614 3831 788 3918 Francia,
814 3841 851 3905 et
875 3842 978 3927 pater
1003 3832 1163 3928 Philippi
1187 3831 1309 3927 primi,
1412 3918 1413 3921 Ἴ

356 3949 547 4022 intrusoris
568 3949 669 4044 regni
688 3947 922 4035 Francorum,
942 3959 979 4022 et
1002 3951 1077 4022 dux
1101 3948 1309 4022 Britanniae.

357 4066 451 4142 Item
473 4066 655 4140 Henricus
679 4091 800 4139 comes
822 4066 1025 4158 Luceburg'
1048 4073 1176 4162 postea
1197 4065 1312 4159 impe·

357 4194 466 4272 rator,
486 4187 551 4258 sed
572 4183 702 4256 Petrus
726 4185 771 4256 de
789 4181 995 4256 Gavestone
1017 4182 1120 4254 cultu
1142 4189 1178 4252 et
1201 4203 1311 4274 appa‹
