3136 5016
392 624 439 696 66
654 644 881 692 onnourcon
902 644 1086 692 onnraror
1145 622 1347 712 [1111322

390 774 455 847 sed
482 771 687 868 decapitato
716 795 866 867 poenam
896 772 1111 867 proditionis
1143 774 1347 848 misericor-

391 891 485 963 diter
510 889 661 962 remisit.
716 888 772 960 De
799 913 951 961 numero
977 898 1193 962 caeterorum
1220 891 1347 965 decern

391 1017 428 1081 et
451 1017 535 1081 octo
559 1007 596 1078 in
622 1006 772 1079 diversis
793 1007 883 1079 locis
901 1007 1042 1102 Angliae
1059 1008 1185 1080 tractis
1209 1018 1246 1081 et
1268 1033 1346 1082 sus-

391 1124 525 1220 pensis,
540 1124 699 1220 quinque
717 1121 879 1219 fugitivis
898 1123 1006 1195 exilio
1023 1107 1224 1220 castigatis,
1241 1135 1346 1198 caete-

391 1263 452 1312 ros
473 1241 640 1335 squalore
662 1239 833 1311 carcerali
856 1247 1054 1334 correptos,
1079 1263 1231 1334 parcens
1252 1242 1346 1313 mul-

391 1356 540 1429 titudini
557 1357 655 1451 regia
671 1353 855 1427 miseratio
872 1353 1009 1426 dimisit
1026 1354 1278 1451 redemptioni.

442 1473 552 1545 Anno
590 1472 684 1544 1322
720 1472 819 1567 apud
851 1469 1070 1558 Eboracum,
1106 1472 1346 1567 parliamento

391 1599 476 1686 post
512 1590 651 1662 Pascha
685 1588 876 1674 celebrato,
912 1586 1070 1682 Hugone
1111 1588 1145 1660 le
1190 1588 1347 1685 Spenser

391 1714 494 1800 patre
519 1704 653 1777 comite
676 1702 865 1775 Abintone¹
884 1703 1096 1788 constitum,
1124 1723 1257 1800 magno
1283 1729 1345 1778 ex-

391 1823 507 1894 ercitu
531 1820 747 1906 coadunato,
766 1821 813 1892 ad
835 1819 970 1892 festum
994 1821 1110 1893 sancti
1126 1820 1257 1894 Jacobi
1281 1847 1345 1895 rex

394 1936 554 2010 Scotiam
589 1937 749 2009 intravit.
809 1935 910 2009 Scoti
943 1961 1030 2009 vero
1065 1937 1248 2010 destitutis
1282 1919 1356 2012 aut'

391 2077 516 2126 secum
542 2053 749 2149 deportatis
767 2055 864 2126 ultra
889 2066 989 2125 mare
1016 2051 1202 2127 Scoticurn
1228 2056 1345 2126 ornni-

391 2171 460 2242 bus
483 2192 563 2264 quae
590 2177 739 2264 possent
766 2169 918 2243 faciliter
944 2169 1096 2256 auferre,
1125 2171 1244 2243 solum
1269 2172 1344 2245 vic-

391 2285 550 2358 tualibus
580 2294 807 2371 evacuatum,
843 2285 984 2381 praescii
1018 2285 1132 2358 futuri
1166 2287 1345 2359 adventus

390 2401 544 2489 hostilis
572 2402 736 2498 Anglicis
764 2403 1000 2497 reliquerunt.
1055 2402 1216 2476 Patriam
1243 2405 1344 2476 nullo

390 2519 581 2592 resistente
623 2543 687 2592 rex
730 2518 1019 2613 transequitavit,
1064 2527 1101 2591 et
1143 2519 1343 2592 exercituin

389 2633 485 2708 fame
519 2635 744 2709 laborantem
776 2636 816 2707 in
849 2635 1019 2732 Angliam
1053 2636 1202 2708 remisit.
1258 2634 1344 2718 Quo

265 2799 273 2810 κ
390 2753 549 2848 cognito,
573 2749 674 2824 Sooti
693 2752 783 2824 mari
807 2759 1047 2836 transmenso,
1067 2751 1124 2823 die
1146 2750 1343 2837 latitantes

390 2869 435 2942 de
452 2876 561 2941 nocte
576 2869 793 2952 laborantes
814 2891 937 2962 regem
959 2867 1145 2963 insequuti
1169 2868 1268 2964 apud
1290 2868 1343 2940 fo-

391 2994 526 3058 restam
552 2985 597 3056 de
623 2984 852 3067 Blakemore‚
880 2982 919 3053 in
946 2983 1039 3078 regis
1062 2983 1275 3080 hospitium,
1300 2985 1345 3057 de

390 3111 498 3175 nocte
529 3103 728 3186 obsessum,
760 3099 938 3170 insultum
972 3099 1102 3173 dedere
1117 3112 1145 3186 ;'
1166 3101 1343 3196 siquidem

390 3243 474 3315 rege
502 3244 587 3293 cum
613 3217 739 3313 paucis
767 3215 811 3286 ab
839 3215 1002 3311 ipsorum
1028 3217 1167 3290 insidiis
1195 3218 1234 3289 in
1261 3242 1342 3290 aus-

354 3322 357 3326 *
390 3338 501 3409 trales
529 3343 650 3433 partes
681 3333 817 3428 elapso,
845 3333 962 3428 captis
992 3357 1037 3404 ex
1066 3335 1144 3429 ejus
1172 3335 1344 3408 comitiva

389 3453 524 3526 comite
547 3449 831 3535 Richemundiae‚
851 3449 999 3522 domino
1024 3451 1068 3524 de
1094 3451 1226 3526 Siliaco
1249 3477 1342 3525 nun-

390 3568 442 3641 tio
485 3567 579 3662 regis
616 3566 789 3653 Franciae,
825 3591 910 3638 cum
946 3567 1072 3641 multis
1110 3569 1203 3657 aliie,
1242 3568 1343 3642 Scoti

390 3691 507 3783 totam
528 3682 734 3756 Marchiam
759 3706 875 3779 usque
900 3682 1118 3771 Eboracum,
1145 3687 1281 3780 rapinis
1307 3695 1343 3758 et

390 3799 473 3894 igne
510 3799 757 3895 depascentes,
792 3801 918 3873 villam
961 3800 1005 3871 de
1048 3799 1214 3894 Ripouns
1257 3811 1344 3875 sunt

389 3914 613 4011 depopulati,
642 3925 679 3989 et
712 3916 860 3990 tandem
889 3915 1129 4004 Beverlaoum
1157 3937 1225 4008 pro
1255 3940 1343 4010 qua-

390 4031 589 4128 dringentis
606 4033 707 4105 libris
725 4034 982 4128 sterlingorum
1005 4029 1135 4103 oblatis
1160 4039 1196 4103 et
1218 4035 1345 4107 statim

389 4149 531 4238 solutis,
567 4151 746 4223 intactum
790 4149 1073 4234 declinaverunt,
1109 4149 1155 4221 ad
1196 4152 1343 4247 propria

388 4268 534 4341 reversi.
588 4267 687 4340 Anni
722 4265 904 4363 sequentis
938 4288 1062 4338 mense
1091 4265 1208 4356 Junii,
1243 4267 1342 4341 initae
