3110 5026
386 669 460 738 220
486 678 515 731 ’,
639 684 862 738 cnaonucou
883 687 1066 735 ornamur
1124 665 1336 756 [n.u.l352.

384 838 516 910 magno
542 813 728 902 exercitui,
750 814 812 910 qui
839 838 860 885 a
885 813 1086 886 munitione
1111 811 1256 909 Dagent
1282 813 1339 886 fu-

384 940 487 1003 erant
516 931 660 1027 egressi,
692 930 816 1004 hostes
846 929 952 1018 fudit,
983 929 1081 1025 cepit
1115 938 1153 1002 et
1186 929 1337 1026 fugarat,

383 1047 480 1120 circa
508 1047 749 1121 Nativitatem
778 1047 928 1142 virginis
959 1047 1134 1142 gloriosae.
1194 1045 1248 1119 lbi
1282 1046 1340 1119 fu-

381 1173 491 1237 erunt
519 1165 615 1261 capti
645 1164 806 1237 famosus
832 1165 892 1236 ille
919 1163 1035 1250 miles,
1064 1164 1194 1237 ductor
1219 1163 1340 1260 provi-

384 1281 465 1368 dus,
488 1289 596 1377 atque
622 1281 679 1353 vir
703 1303 842 1378 magnae
867 1279 1163 1376 praesumptionis
1189 1287 1340 1352 vocatus

381 1395 656 1494 -Brusegandus,
683 1408 721 1470 et
751 1405 890 1494 septem
920 1395 1053 1478 milites
1082 1395 1265 1469 comitivae
1295 1396 1340 1468 de

386 1511 509 1600 Stella,
545 1537 614 1585 nec
647 1515 806 1585 multum
840 1522 966 1609 postea
1000 1513 1186 1584 communi
1224 1521 1341 1586 morte

384 1629 553 1703 obierunt
569 1630 704 1702 ibidem
720 1628 908 1702 Johannes
925 1628 1164 1703 Dodianseles
1185 1637 1222 1703 et
1242 1628 1340 1701 Tho-

384 1769 463 1819 mas
498 1744 606 1818 Wale
641 1744 773 1818 milites
812 1769 952 1841 magnae
991 1746 1195 1841 probitatis.
1264 1736 1341 1820 Isto

383 1863 494 1935 etiarn
523 1886 630 1949 anno,
660 1862 784 1934 audito
812 1863 910 1959 quod
939 1863 1067 1959 piratae
1095 1879 1194 1936 mare
1223 1863 1342 1958 inqui-

384 1985 542 2064 etarunt,
575 1978 748 2051 ordinatae
779 1989 865 2051 sunt
895 1989 1034 2077 septem
1065 2003 1175 2053 naves
1203 1981 1342 2053 bellicae

384 2117 471 2166 cum
498 2093 667 2188 spinaciis
693 2094 1012 2184 subsannantibus,
1033 2097 1164 2193 quibus
1190 2096 1344 2169 amiralli

385 2207 545 2282 Thomas
569 2210 673 2284 Coke
697 2220 735 2283 et
756 2211 935 2285 Ricardus
957 2212 1169 2286 Totlesham
1195 2212 1341 2300 milites,

385 2349 485 2399 mare
511 2327 606 2401 circa
630 2327 738 2402 litora
761 2327 934 2403 Picardiae
958 2338 996 2402 et
1018 2328 1255 2403 Normanniae
1279 2330 1342 2403 de·

385 2453 659 2540 spumaverunt‚
688 2446 751 2518 sed
778 2457 862 2518 ante
889 2445 1022 2518 festum
1050 2447 1341 2544 sancticGeorgii

385 2561 507 2634 votive
541 2563 823 2636 revertebantur.
876 2562 976 2636 Dum
1005 2564 1083 2637 haec
1113 2563 1152 2636 in
1182 2565 1272 2638 mari
1305 2575 1343 2639 et

387 2678 492 2751 terris
522 2679 749 2775 gerebantur,
780 2681 863 2753 duci
892 2679 1113 2754 Lancastriae
1140 2707 1162 2754 a
1190 2682 1344 2779 Sprucia

385 2819 530 2868 reverso
564 2795 664 2870 misit
692 2795 814 2869 literas
845 2794 937 2869 Otto
966 2796 1063 2868 filius
1091 2797 1194 2870 ducis
1221 2797 1342 2869 Brun-

386 2912 537 3003 nuswici
554 2909 758 2998 Teutonici,
777 2912 1033 3008 stipendiarius
1051 2913 1215 2986 coronati
1230 2912 1343 2986 Fran·
1416 2997 1423 3008 ,

386 3052 525 3116 corum,
558 3028 689 3124 quibus
724 3028 845 3124 ipsum
880 3028 1012 3104 ducem
1043 3030 1343 3118 calumniabatur,

387 3167 549 3216 asserens
576 3142 673 3239 quod
703 3144 778 3216 dux
804 3169 869 3240 per
897 3145 1089 3218 Coloniam
1118 3146 1162 3219 de
1191 3145 1346 3243 Spruoia

386 3268 571 3332 revertens
594 3259 804 3332 informavit
827 3260 1006 3332 malitiose
1030 3260 1278 3350 Colonienses,
1300 3264 1346 3337 de

383 3374 558 3471 eoquod
586 3365 758 3470 praefatus
787 3373 879 3447 Otto
910 3375 1095 3449 nitebatur
1124 3378 1246 3476 ipsum
1277 3379 1345 3453 du-

386 3516 468 3565 cem
495 3490 626 3563 surtive
654 3491 817 3588 rapuisse
845 3503 1019 3568 coronato
1046 3494 1272 3570 Francorum
1302 3507 1344 3571 ut

387 3608 575 3704 captivum
604 3612 910 3706 praesentandum,
942 3613 1100 3686 subdens
1132 3595 1229 3710 quod
1260 3615 1346 3711 quia

387 3726 499 3797 talem
533 3735 678 3822 raptum
712 3752 901 3825 nunquam
931 3731 1163 3827 excogitavit,
1194 3740 1345 3828 paratus

388 3841 504 3916 fuerat
532 3843 571 3915 in
599 3844 880 3920 declarationem
903 3869 976 3918 suae
998 3847 1102 3918 samaa
1124 3871 1191 3941 per
1215 3870 1345 3920 mono-

389 3960 581 4046 machiam,
617 3961 655 4033 in
694 3962 795 4035 curia
834 3961 1011 4034 duntaxat
1043 3960 1137 4056 regis
1169 3960 1343 4051 Francia,

386 4078 521 4150 ducem
549 4077 768 4153 Lancastriae
796 4079 840 4151 de
867 4078 1029 4174 praestito
1059 4077 1213 4152 articulo
1243 4103 1345 4152 men·

389 4195 515 4267 dacem
542 4196 789 4291 comprobare.
843 4192 985 4279 Literae,
1005 4193 1136 4290 quibus
1162 4195 1232 4268 ista
1257 4220 1344 4272 cou-

389 4311 609 4398 tinebantur,
637 4335 711 4384 non
735 4310 883 4384 fuerunt
906 4311 1091 4408 sigillatam
1118 4321 1155 4386 et
1181 4313 1274 4400 ideo,
1297 4337 1344 4386 ne
