3118 5008
1541 466 1554 604 1

357 581 429 654 110
607 600 834 650 canonicos
855 599 1038 649 cinnami
1097 578 1311 669 [s.o.l330.

352 730 421 804 sibi
444 753 651 826 assurgere:
681 728 851 824 gradiens
874 751 958 815 cum
981 751 1065 823 rege
1094 729 1173 824 pari
1199 753 1311 826 passu

353 848 492 920 solebat
517 855 726 942 arroganter
751 845 947 930 ambulare,
975 868 1164 939 nunquam
1189 861 1312 942 regem
1554 887 1555 982 p

353 960 531 1056 praeferre,
551 960 616 1034 sed
639 960 759 1056 ipsum
783 959 976 1054 aliquando
993 958 1142 1046 anteire,
1161 961 1310 1055 quibus-

352 1076 438 1149 dam
456 1076 635 1149 officiariis
658 1067 840 1172 deputatis
864 1075 939 1170 regi
962 1099 1029 1170 pro
1052 1074 1221 1172 hospitiis
1243 1101 1309 1150 no-

352 1191 480 1264 bilium
514 1192 749 1288 assignandis,
804 1191 1018 1287 Hospitium
1050 1191 1088 1263 in
1121 1191 1208 1264 villa
1240 1217 1309 1288 pro

353 1308 486 1382 comite
515 1308 733 1383 Laneastn'ae
761 1308 855 1402 regis
886 1307 1154 1402 consanguineo
1184 1331 1308 1404 capes·

353 1433 494 1499 sentem
515 1425 747 1525 vehementer
769 1423 949 1520 increpuit
971 1424 1041 1498 iste
1063 1446 1185 1497 comes
1208 1424 1308 1498 Mar-

243 1591 245 1598 ,
355 1541 457 1630 chiae,
476 1565 640 1638 quaerens
666 1541 748 1636 quis
774 1550 857 1614 e'um
883 1539 1016 1614 fecerat
1042 1540 1215 1613 audacem
1240 1540 1309 1613 ini-

354 1659 493 1732 micum
515 1658 649 1752 reginae
673 1657 846 1743 Isabellae,
866 1666 941 1730 tam
964 1681 1078 1754 prope
1100 1657 1200 1728 illam
1223 1658 1309 1730 bos-

354 1774 484 1871 pitare‚
502 1775 601 1845 unde
624 1773 772 1846 territus
796 1773 1086 1848 constabularius
1107 1772 1310 1870 hospitium

356 1889 481 1963 comiti
506 1887 725 1960 Lancastriae
751 1890 848 1962 ultra
872 1889 998 1961 villam
1023 1889 1069 1961 ad
1094 1913 1207 1962 unam
1231 1891 1309 1963 leu-

357 2029 436 2080 cam
455 2005 593 2078 distans
612 2005 820 2101 assignavit,
840 2013 876 2078 et
893 2005 1065 2078 comitem
1085 2004 1310 2078 Herefordiae
1340 1988 1343 1994 ¹

356 2121 538 2194 Joannem
562 2123 606 2195 (16
629 2120 775 2209 Bohun,
806 2122 1049 2218 Essexiaeque,
1080 2123 1310 2196 constabula-

357 2237 451 2310 rium
469 2237 608 2335 Angliae
625 2238 785 2335 hospitio
802 2239 1004 2313 collocavit.
1060 2237 1120 2312 Sic
1143 2262 1312 2313 murmur

357 2354 452 2426 inter
477 2364 661 2450 magnates
679 2355 778 2451 quod
793 2355 840 2427 ad
857 2379 961 2428 aures
978 2356 1172 2452 populares
1189 2357 1309 2429 avola·

357 2471 423 2558 vit,
454 2482 593 2545 secreto
623 2472 833 2558 dicentium,
865 2472 965 2566 quod
992 2471 1052 2544 ille
1082 2471 1127 2544 de
1157 2471 1310 2546 Mortuo

358 2587 450 2661 mari
473 2586 629 2662 amasius
648 2585 796 2684 regina,
815 2595 853 2660 et
874 2586 969 2682 regis
993 2587 1164 2683 magister
1187 2588 1233 2661 ad
1249 2611 1309 2674 ,re-

359 2704 449 2800 galis
475 2705 659 2800 sanguinis
682 2703 964 2789 demolitionem,
989 2711 1026 2774 et
1050 2703 1157 2798 regiae
1182 2704 1311 2799 majes-

359 2821 445 2894 tatis
483 2821 756 2917 usurpationem
799 2818 995 2892 anhelaret.
1064 2818 1210 2892 Terruit
1242 2820 1311 2894 iste

359 2961 526 3010 murmur
543 2959 647 3008 aures
668 2936 805 3030 regales
830 2943 866 3007 et
889 2935 983 3030 regis
1004 2933 1152 3020 amicos,
1172 2935 1312 3008 seilicet

358 3052 586 3124 Willelmum
614 3051 660 3123 (16
689 3050 819 3124 Monte
849 3060 969 3138 acute,
1004 3051 1237 3142 [Edwardum
1267 3052 1312 3124 (16

359 3167 508 3258 Bohun]
531 3175 569 3239 et
586 3175 745 3254 caeteros,
765 3168 883 3263 quiin
901 3169 1055 3242 salutem
1072 3169 1167 3264 regis
1185 3168 1311 3264 conju-

359 3284 441 3370 rati,
456 3283 619 3357 arbitrati
632 3292 719 3356 sunt
732 3294 768 3357 et
778 3285 888 3379 juste,
901 3286 1115 3381 obsequium
1129 3285 1255 3358 salutis
1274 3309 1313 3358 se

358 3400 585 3497 praestituros
599 3423 721 3495 regno,
737 3401 767 3473 si
784 3401 853 3474 iste
871 3401 916 3473 de
932 3400 1085 3474 Mortuo
1098 3401 1190 3473 mari
1202 3401 1313 3473 morti

359 3517 657 3590 committeretur.
701 3516 909 3592 Consulunt
927 3517 995 3591 sibi
1012 3518 1220 3613 adjuratum
1237 3516 1311 3590 Ro·

358 3635 504 3708 bertum
531 3635 576 3708 de
603 3634 761 3722 Heland‚
793 3635 856 3732 qui
886 3635 1093 3731 speculator
1122 3633 1245 3707 extitit
1273 3633 1313 3706 in

359 3760 479 3826 castro
497 3777 560 3848 per
578 3755 713 3828 multos
731 3777 857 3840 annos,
877 3760 914 3825 et
935 3751 995 3823 cui
1017 3750 1140 3823 omnia
1164 3750 1311 3824 diverti-

360 3869 442 3942 cula
460 3871 569 3942 castri
587 3870 827 3944 secretissima
843 3877 931 3942 nota
947 3867 1106 3955 suerunt,
1126 3866 1311 3962 quomodo

360 3987 406 4061 de
421 3996 530 4061 nocte
547 3986 594 4061 ad
611 4010 788 4062 cameram
806 3985 938 4080 regina
950 3985 996 4056 de
1010 3983 1193 4058 territorio
1210 3967 1313 4056 eitra

360 4114 532 4194 castrum,
551 4105 630 4178 sine
652 4104 747 4176 scitu
766 4102 978 4198 janitorum,
996 4126 1060 4175 rex
1077 4109 1114 4173 et
1131 4101 1188 4173 sui
1205 4099 1312 4174 amici

359 4220 499 4294 aditum
522 4221 706 4294 haberent.
762 4216 978 4315 Speculator
993 4216 1189 4315 pradictus
1207 4215 1311 4288 torti·
