3136 5016
268 660 438 753 nn.11.7.]
484 683 529 734 aa
549 683 676 732 aunan
695 683 743 732 na
763 683 1001 732 swrnaaonn.
1169 661 1216 736 57

267 811 329 906 gili
359 815 414 900 (ut
440 811 579 883 dictum
608 815 676 895 est)
707 810 943 907 sophisticata
955 841 964 897 ;
991 810 1030 884 in
1057 810 1218 884 secundat

264 933 351 1000 vero
392 927 531 1024 pedites
573 952 659 1000 cum
698 927 890 1023 sagittariis
929 927 1217 1001 adversariorum

265 1042 358 1138 sugae
392 1042 604 1130 reservatis3
644 1043 683 1114 in
713 1043 819 1116 tertia
852 1066 939 1115 vero
973 1067 1096 1138 regem
1130 1067 1216 1116 cum

264 1159 443 1255 episcopis
466 1168 503 1232 et
525 1159 604 1231 aliis
625 1159 800 1254 religiosis
820 1159 919 1246 viris,
939 1166 976 1231 et
998 1159 1093 1232 inter
1115 1159 1214 1254 ipsos

262 1270 410 1343 vecordi
437 1269 552 1342 milite
586 1270 636 1342 Η.
664 1271 699 1341 le
727 1269 894 1364 Spenser.
947 1269 1098 1365 Equites
1125 1270 1215 1344 aciei

262 1387 391 1482 primae
417 1386 457 1457 in
483 1386 606 1458 hostes
632 1385 825 1482 progressi,
854 1410 1031 1481 equorum
1057 1386 1229 1467 tituban-'

263 1503 358 1575 tium
396 1503 635 1576 anterioribus
674 1503 827 1599 pedibus
861 1503 900 1574 in
934 1501 1071 1575 fossam
1114 1512 1233 1578 trans¹

262 1619 387 1714 plexas
404 1617 603 1714 perforatas
621 1618 749 1704 affixis,
765 1618 969 1714 praecipites
988 1629 1212 1708 corruerunt,

261 1733 481 1821 ceciderunt,
510 1742 547 1806 et
574 1734 721 1806 omnem
750 1733 928 1806 insultum
955 1742 992 1806 et
1019 1734 1213 1807 crudelita-

260 1859 336 1923 tem
352 1848 639 1922 adversariorum
656 1849 762 1922 ruina
782 1873 827 1921 ex
849 1850 923 1922 alto
946 1853 1210 1945 praevenerunt,

112 2019 119 2029 .
260 1966 390 2062 quibus
413 1966 581 2062 collapsis
602 1966 821 2038 insteterunt
842 1964 977 2052 hostes,
996 1975 1210 2056 mactantes,

260 2080 441 2176 capientes
464 2087 501 2158 et
524 2079 610 2152 solis
627 2079 800 2151 divitibus
818 2078 1037 2152 redimendis
1057 2103 1210 2174 parcen-

259 2205 325 2270 tes.
377 2196 432 2270 Ibi
449 2205 539 2280 tunc
556 2194 728 2269 occubuit
747 2194 932 2268 Gilbertus
951 2218 1075 2268 comes
1086 2193 1209 2268 ,Glou-

257 2313 407 2400 cestriae,
436 2336 545 2408 quem
571 2311 673 2385 Scoti
697 2311 949 2385 redimendum
972 2313 1128 2386 libenter
1153 2337 1208 2387 re-

257 2437 470 2515 servassent,
500 2427 531 2500 si
564 2452 629 2524 per
662 2435 786 2522 togam
819 2427 974 2523 propriae
1003 2437 1207 2517 armatura,

258 2567 368 2640 quam
391 2552 481 2614 tunc
501 2567 577 2614 non
597 2542 782 2629 induebat,
801 2542 923 2638 ipsum
941 2543 1205 2638 cognovissent.

256 2658 440 2732 Comitem
469 2657 739 2729 comitabantur
764 2659 804 2729 in
829 2658 957 2730 mortis
983 2657 1111 2730 itinere
1134 2659 1208 2733 Ed-

255 2777 415 2849 mundus
439 2773 589 2860 Manlie,
612 2773 793 2847 Robertus
819 2775 864 2846 de
890 2772 1075 2877 Clitiorde,
1098 2775 1207 2872 Saga-

255 2917 325 2966 nus
358 2891 512 2989 Tiptost,
549 2890 720 2986 AEgidius
757 2889 994 2986 D'argentyn,
1031 2900 1067 2964 et
1100 2892 1208 2965 multi

254 3009 317 3082 alii
350 3008 487 3082 ordinis
520 3007 697 3081 militaris.
763 3007 947 3080 Caeterum
980 3005 1075 3080 inter
1108 3008 1206 3081 viros

255 3127 497 3223 redemptioni
530 3123 678 3198 fuerunt
711 3123 883 3197 reservati
912 3123 1130 3197 Humfridus
1161 3125 1205 3198 de

255 3243 388 3317 Bohun
422 3265 543 3316 comes
579 3241 813 3326 Herefordiee,
847 3239 1009 3312 Joannes
1052 3241 1097 3312 de
1141 3240 1204 3315 Se-

255 3382 373 3453 grave,
401 3357 563 3430 Joannes
592 3356 636 3428 de
664 3355 915 3450 Claveringhe,
935 3354 1142 3428 Willelmus
1170 3359 1204 3430 le

254 3471 424 3560 Latimer,
443 3482 480 3546 et
504 3473 578 3545 sere
604 3472 757 3545 trecenti
778 3471 848 3544 viri
870 3471 1042 3544 militares
1066 3473 1203 3546 occiso-

254 3613 338 3661 rum
363 3589 403 3659 in
429 3587 601 3684 praedicto
631 3588 850 3661 discrimine.
902 3586 1110 3661 Nonnullos
1141 3591 1202 3662 de-

254 3705 364 3776 traxit
385 3703 424 3774 in
447 3703 548 3775 clade
570 3704 729 3799 phalanx
749 3702 1019 3799 sagittariorum
1040 3728 1115 3775 non
1138 3706 1203 3779 ha-

251 3820 417 3892 bentium
444 3819 665 3892 destinatum
690 3821 815 3892 locum
842 3827 981 3914 aptum,
1011 3820 1074 3892 sed
1100 3821 1202 3916 prius

252 3943 475 4008 armatorum
491 3959 513 4007 a
529 3943 631 4030 tergo
648 3935 835 4023 stantium,
855 3937 918 4031 qui
938 3960 1036 4010 nunc
1054 3960 1076 4007 a
1090 3938 1202 4011 latere

254 4049 371 4121 solent
387 4056 565 4121 constare.
606 4047 681 4120 Ubi
697 4048 868 4122 viderunt
886 4047 1015 4123 Scotos
1034 4049 1202 4144 collapsis

252 4165 291 4236 in
308 4165 442 4238 fossam
464 4165 634 4256 atrociter
652 4165 799 4251 instare,
819 4165 968 4260 sagittas
992 4163 1140 4259 quidam
1162 4165 1201 4238 in

250 4280 368 4354 altum
384 4305 530 4374 casuras
546 4281 641 4353 inter
657 4279 820 4354 hostium
833 4279 988 4352 cassides
1004 4279 1198 4368 incassum,
