<?xml version="1.0" encoding="UTF-8"?>
<!DOCTYPE html PUBLIC "-//W3C//DTD XHTML 1.0 Transitional//EN"
    "http://www.w3.org/TR/xhtml1/DTD/xhtml1-transitional.dtd">
<html xmlns="http://www.w3.org/1999/xhtml" xml:lang="en" lang="en">
 <head>
  <title>
</title>
<meta http-equiv="Content-Type" content="text/html;charset=utf-8" />
  <meta name='ocr-system' content='tesseract 3.04.00' />
  <meta name='ocr-capabilities' content='ocr_page ocr_carea ocr_par ocr_line ocrx_word'/>
</head>
<body>
  <div class='ocr_page' id='page_1' title='image "./galfridilebaker00gilegoog_0163.png"; bbox 0 0 3120 5008; ppageno 0'>
   <div class='ocr_carea' id='block_1_1' title="bbox 213 621 1162 713">
    <p class='ocr_par' dir='ltr' id='par_1_1' title="bbox 213 621 1162 713">
     <span class='ocr_line' id='line_1_1' title="bbox 213 621 1162 713; baseline 0.008 -21"><span class='ocrx_word' id='word_1_1' title='bbox 213 647 287 694; x_wconf 64' lang='lat' dir='ltr'>mn.</span> <span class='ocrx_word' id='word_1_2' title='bbox 307 621 431 713; x_wconf 61' lang='lat'>1346]</span> <span class='ocrx_word' id='word_1_3' title='bbox 477 645 522 692; x_wconf 78' lang='lat' dir='ltr'>ur</span> <span class='ocrx_word' id='word_1_4' title='bbox 543 645 670 694; x_wconf 73' lang='lat' dir='ltr'>narra</span> <span class='ocrx_word' id='word_1_5' title='bbox 689 645 736 694; x_wconf 84' lang='lat' dir='ltr'>nn</span> <span class='ocrx_word' id='word_1_6' title='bbox 757 645 998 695; x_wconf 79' lang='lat' dir='ltr'>swrnuaorr.</span> <span class='ocrx_word' id='word_1_7' title='bbox 1094 627 1162 702; x_wconf 82' lang='lat'>159</span> 
     </span>
    </p>
   </div>
   <div class='ocr_carea' id='block_1_2' title="bbox 195 773 1216 4360">
    <p class='ocr_par' dir='ltr' id='par_1_2' title="bbox 195 773 1216 4360">
     <span class='ocr_line' id='line_1_2' title="bbox 210 773 1163 870; baseline 0.005 -25"><span class='ocrx_word' id='word_1_8' title='bbox 210 773 503 870; x_wconf 84' lang='lat' dir='ltr'>Northamptone</span> <span class='ocrx_word' id='word_1_9' title='bbox 525 783 561 846; x_wconf 90' lang='lat' dir='ltr'>et</span> <span class='ocrx_word' id='word_1_10' title='bbox 584 775 705 846; x_wconf 76' lang='lat' dir='ltr'>crateri</span> <span class='ocrx_word' id='word_1_11' title='bbox 723 773 861 847; x_wconf 89' lang='lat' dir='ltr'>domini</span> <span class='ocrx_word' id='word_1_12' title='bbox 883 799 968 848; x_wconf 90' lang='lat' dir='ltr'>cum</span> <span class='ocrx_word' id='word_1_13' title='bbox 993 776 1058 848; x_wconf 88' lang='lat' dir='ltr'>illo</span> <span class='ocrx_word' id='word_1_14' title='bbox 1083 775 1163 850; x_wconf 89' lang='lat' dir='ltr'>Bri-</span> 
     </span>
     <span class='ocr_line' id='line_1_3' title="bbox 210 891 1162 986; baseline 0.005 -25"><span class='ocrx_word' id='word_1_15' title='bbox 210 891 383 976; x_wconf 85' lang='lat' dir='ltr'>tanniam,</span> <span class='ocrx_word' id='word_1_16' title='bbox 410 898 452 962; x_wconf 89' lang='lat' dir='ltr'>ut</span> <span class='ocrx_word' id='word_1_17' title='bbox 483 891 706 986; x_wconf 88' lang='lat' dir='ltr'>descriptum</span> <span class='ocrx_word' id='word_1_18' title='bbox 739 900 806 976; x_wconf 88' lang='lat' dir='ltr'>est,</span> <span class='ocrx_word' id='word_1_19' title='bbox 841 891 1007 985; x_wconf 86' lang='lat' dir='ltr'>profecti,</span> <span class='ocrx_word' id='word_1_20' title='bbox 1043 901 1162 966; x_wconf 89' lang='lat' dir='ltr'>castra</span> 
     </span>
     <span class='ocr_line' id='line_1_4' title="bbox 209 1006 1161 1102; baseline 0.007 -25"><span class='ocrx_word' id='word_1_21' title='bbox 209 1030 273 1101; x_wconf 88' lang='lat' dir='ltr'>per</span> <span class='ocrx_word' id='word_1_22' title='bbox 302 1006 383 1079; x_wconf 88' lang='lat' dir='ltr'>illos</span> <span class='ocrx_word' id='word_1_23' title='bbox 413 1007 591 1102; x_wconf 88' lang='lat' dir='ltr'>acquisita</span> <span class='ocrx_word' id='word_1_24' title='bbox 616 1007 655 1078; x_wconf 91' lang='lat' dir='ltr'>in</span> <span class='ocrx_word' id='word_1_25' title='bbox 685 1007 820 1080; x_wconf 86' lang='lat' dir='ltr'>ducatu</span> <span class='ocrx_word' id='word_1_26' title='bbox 847 1006 1045 1080; x_wconf 89' lang='lat' dir='ltr'>Britanniae</span> <span class='ocrx_word' id='word_1_27' title='bbox 1072 1009 1161 1084; x_wconf 88' lang='lat' dir='ltr'>viris</span> 
     </span>
     <span class='ocr_line' id='line_1_5' title="bbox 208 1123 1161 1198; baseline 0.007 -6"><span class='ocrx_word' id='word_1_28' title='bbox 208 1123 374 1194; x_wconf 89' lang='lat' dir='ltr'>fidelibus</span> <span class='ocrx_word' id='word_1_29' title='bbox 396 1123 489 1194; x_wconf 90' lang='lat' dir='ltr'>bene</span> <span class='ocrx_word' id='word_1_30' title='bbox 513 1123 741 1194; x_wconf 88' lang='lat' dir='ltr'>victualitata</span> <span class='ocrx_word' id='word_1_31' title='bbox 757 1123 993 1196; x_wconf 87' lang='lat' dir='ltr'>custodienda</span> <span class='ocrx_word' id='word_1_32' title='bbox 1010 1127 1161 1198; x_wconf 90' lang='lat' dir='ltr'>commi-</span> 
     </span>
     <span class='ocr_line' id='line_1_6' title="bbox 208 1238 1160 1335; baseline 0.005 -25"><span class='ocrx_word' id='word_1_33' title='bbox 208 1247 347 1323; x_wconf 88' lang='lat' dir='ltr'>serunt,</span> <span class='ocrx_word' id='word_1_34' title='bbox 377 1247 413 1310; x_wconf 91' lang='lat' dir='ltr'>et</span> <span class='ocrx_word' id='word_1_35' title='bbox 448 1238 494 1308; x_wconf 90' lang='lat' dir='ltr'>ad</span> <span class='ocrx_word' id='word_1_36' title='bbox 527 1238 753 1334; x_wconf 78' lang='lat' dir='ltr'>praesentiam</span> <span class='ocrx_word' id='word_1_37' title='bbox 786 1238 923 1310; x_wconf 91' lang='lat' dir='ltr'>domini</span> <span class='ocrx_word' id='word_1_38' title='bbox 952 1241 1045 1335; x_wconf 87' lang='lat' dir='ltr'>regis</span> <span class='ocrx_word' id='word_1_39' title='bbox 1075 1265 1160 1314; x_wconf 92' lang='lat' dir='ltr'>cum</span> 
     </span>
     <span class='ocr_line' id='line_1_7' title="bbox 207 1355 1158 1451; baseline 0.007 -25"><span class='ocrx_word' id='word_1_40' title='bbox 207 1355 324 1450; x_wconf 86' lang='lat' dir='ltr'>gloria</span> <span class='ocrx_word' id='word_1_41' title='bbox 357 1365 394 1428; x_wconf 87' lang='lat' dir='ltr'>et</span> <span class='ocrx_word' id='word_1_42' title='bbox 426 1356 564 1427; x_wconf 82' lang='lat' dir='ltr'>honore</span> <span class='ocrx_word' id='word_1_43' title='bbox 598 1355 637 1427; x_wconf 90' lang='lat' dir='ltr'>in</span> <span class='ocrx_word' id='word_1_44' title='bbox 670 1355 837 1451; x_wconf 84' lang='lat' dir='ltr'>Angliam</span> <span class='ocrx_word' id='word_1_45' title='bbox 876 1360 1158 1432; x_wconf 79' lang='lat' dir='ltr'>revertebantur.</span> 
     </span>
     <span class='ocr_line' id='line_1_8' title="bbox 206 1471 1161 1568; baseline 0.007 -26"><span class='ocrx_word' id='word_1_46' title='bbox 206 1471 339 1545; x_wconf 81' lang='lat' dir='ltr'>Postea</span> <span class='ocrx_word' id='word_1_47' title='bbox 363 1473 532 1545; x_wconf 91' lang='lat' dir='ltr'>dominus</span> <span class='ocrx_word' id='word_1_48' title='bbox 554 1497 617 1544; x_wconf 88' lang='lat' dir='ltr'>rex</span> <span class='ocrx_word' id='word_1_49' title='bbox 640 1497 748 1544; x_wconf 88' lang='lat' dir='ltr'>suum</span> <span class='ocrx_word' id='word_1_50' title='bbox 767 1474 974 1568; x_wconf 84' lang='lat' dir='ltr'>passagium</span> <span class='ocrx_word' id='word_1_51' title='bbox 997 1475 1038 1546; x_wconf 91' lang='lat' dir='ltr'>in</span> <span class='ocrx_word' id='word_1_52' title='bbox 1060 1474 1161 1550; x_wconf 87' lang='lat' dir='ltr'>Neu-</span> 
     </span>
     <span class='ocr_line' id='line_1_9' title="bbox 209 1589 1161 1686; baseline 0.005 -26"><span class='ocrx_word' id='word_1_53' title='bbox 209 1589 334 1661; x_wconf 83' lang='lat' dir='ltr'>striam</span> <span class='ocrx_word' id='word_1_54' title='bbox 357 1589 577 1686; x_wconf 88' lang='lat' dir='ltr'>properavit,</span> <span class='ocrx_word' id='word_1_55' title='bbox 602 1589 724 1685; x_wconf 89' lang='lat' dir='ltr'>ipsum</span> <span class='ocrx_word' id='word_1_56' title='bbox 747 1589 843 1685; x_wconf 90' lang='lat' dir='ltr'>apud</span> <span class='ocrx_word' id='word_1_57' title='bbox 865 1589 1161 1665; x_wconf 88' lang='lat' dir='ltr'>Portusmutbam</span> 
     </span>
     <span class='ocr_line' id='line_1_10' title="bbox 209 1704 1216 1803; baseline 0.006 -26"><span class='ocrx_word' id='word_1_58' title='bbox 209 1712 243 1777; x_wconf 85' lang='lat' dir='ltr'>et</span> <span class='ocrx_word' id='word_1_59' title='bbox 261 1704 502 1778; x_wconf 89' lang='lat' dir='ltr'>Porcestriam</span> <span class='ocrx_word' id='word_1_60' title='bbox 520 1706 663 1802; x_wconf 89' lang='lat' dir='ltr'>navigio</span> <span class='ocrx_word' id='word_1_61' title='bbox 680 1714 903 1802; x_wconf 82' lang='lat' dir='ltr'>expectante.</span> <span class='ocrx_word' id='word_1_62' title='bbox 944 1706 1060 1803; x_wconf 86' lang='lat' dir='ltr'>Igitur</span> <span class='ocrx_word' id='word_1_63' title='bbox 1076 1735 1161 1783; x_wconf 89' lang='lat' dir='ltr'>cum</span> <span class='ocrx_word' id='word_1_64' title='bbox 1210 1742 1216 1750; x_wconf 70' lang='lat'><em>,</em></span> 
     </span>
     <span class='ocr_line' id='line_1_11' title="bbox 210 1820 1159 1916; baseline 0.004 -22"><span class='ocrx_word' id='word_1_65' title='bbox 210 1821 402 1894; x_wconf 86' lang='lat' dir='ltr'>comitibus</span> <span class='ocrx_word' id='word_1_66' title='bbox 425 1820 731 1916; x_wconf 88' lang='lat' dir='ltr'>Northamptone‚</span> <span class='ocrx_word' id='word_1_67' title='bbox 750 1821 945 1909; x_wconf 89' lang='lat' dir='ltr'>Arundele‚</span> <span class='ocrx_word' id='word_1_68' title='bbox 965 1821 1159 1911; x_wconf 85' lang='lat' dir='ltr'>Warwike‚</span> 
     </span>
     <span class='ocr_line' id='line_1_12' title="bbox 209 1939 1160 2028; baseline 0.005 -18"><span class='ocrx_word' id='word_1_69' title='bbox 209 1945 245 2010; x_wconf 91' lang='lat' dir='ltr'>et</span> <span class='ocrx_word' id='word_1_70' title='bbox 270 1939 427 2012; x_wconf 89' lang='lat' dir='ltr'>dominis</span> <span class='ocrx_word' id='word_1_71' title='bbox 453 1941 497 2012; x_wconf 92' lang='lat' dir='ltr'>de</span> <span class='ocrx_word' id='word_1_72' title='bbox 525 1940 741 2024; x_wconf 90' lang='lat' dir='ltr'>Harccourt,</span> <span class='ocrx_word' id='word_1_73' title='bbox 763 1939 1015 2028; x_wconf 89' lang='lat' dir='ltr'>Huntindone‚</span> <span class='ocrx_word' id='word_1_74' title='bbox 1036 1941 1160 2015; x_wconf 84' lang='lat' dir='ltr'>Oxen-</span> 
     </span>
     <span class='ocr_line' id='line_1_13' title="bbox 209 2055 1159 2154; baseline 0.006 -27"><span class='ocrx_word' id='word_1_75' title='bbox 209 2055 319 2144; x_wconf 89' lang='lat' dir='ltr'>forde,</span> <span class='ocrx_word' id='word_1_76' title='bbox 342 2067 379 2130; x_wconf 90' lang='lat' dir='ltr'>et</span> <span class='ocrx_word' id='word_1_77' title='bbox 406 2057 624 2144; x_wconf 85' lang='lat' dir='ltr'>Suffolchiae,</span> <span class='ocrx_word' id='word_1_78' title='bbox 649 2066 686 2131; x_wconf 91' lang='lat' dir='ltr'>et</span> <span class='ocrx_word' id='word_1_79' title='bbox 711 2058 882 2154; x_wconf 88' lang='lat' dir='ltr'>episcopo</span> <span class='ocrx_word' id='word_1_80' title='bbox 908 2056 1159 2145; x_wconf 87' lang='lat' dir='ltr'>Dunelmensi,</span> 
     </span>
     <span class='ocr_line' id='line_1_14' title="bbox 209 2173 1160 2273; baseline 0.006 -29"><span class='ocrx_word' id='word_1_81' title='bbox 209 2180 245 2244; x_wconf 91' lang='lat' dir='ltr'>et</span> <span class='ocrx_word' id='word_1_82' title='bbox 270 2173 418 2245; x_wconf 91' lang='lat' dir='ltr'>domino</span> <span class='ocrx_word' id='word_1_83' title='bbox 439 2173 623 2257; x_wconf 85' lang='lat' dir='ltr'>Willelmo</span> <span class='ocrx_word' id='word_1_84' title='bbox 650 2176 695 2246; x_wconf 88' lang='lat' dir='ltr'>de</span> <span class='ocrx_word' id='word_1_85' title='bbox 721 2175 886 2271; x_wconf 83' lang='lat' dir='ltr'>Kiuesby</span> <span class='ocrx_word' id='word_1_86' title='bbox 909 2177 1051 2264; x_wconf 91' lang='lat' dir='ltr'>clerieo,</span> <span class='ocrx_word' id='word_1_87' title='bbox 1070 2202 1160 2273; x_wconf 91' lang='lat' dir='ltr'>quo-</span> 
     </span>
     <span class='ocr_line' id='line_1_15' title="bbox 209 2291 1160 2386; baseline 0.006 -26"><span class='ocrx_word' id='word_1_88' title='bbox 209 2313 288 2362; x_wconf 91' lang='lat' dir='ltr'>rum</span> <span class='ocrx_word' id='word_1_89' title='bbox 306 2291 458 2383; x_wconf 88' lang='lat' dir='ltr'>quilibet</span> <span class='ocrx_word' id='word_1_90' title='bbox 481 2291 665 2386; x_wconf 85' lang='lat' dir='ltr'>copiosam</span> <span class='ocrx_word' id='word_1_91' title='bbox 688 2315 843 2364; x_wconf 84' lang='lat' dir='ltr'>massam</span> <span class='ocrx_word' id='word_1_92' title='bbox 867 2301 1090 2365; x_wconf 88' lang='lat' dir='ltr'>armatorum</span> <span class='ocrx_word' id='word_1_93' title='bbox 1107 2304 1160 2366; x_wconf 90' lang='lat' dir='ltr'>at-</span> 
     </span>
     <span class='ocr_line' id='line_1_16' title="bbox 207 2405 1162 2499; baseline 0.003 -23"><span class='ocrx_word' id='word_1_94' title='bbox 207 2429 277 2499; x_wconf 90' lang='lat' dir='ltr'>que</span> <span class='ocrx_word' id='word_1_95' title='bbox 295 2405 563 2499; x_wconf 85' lang='lat' dir='ltr'>sagittariorum</span> <span class='ocrx_word' id='word_1_96' title='bbox 586 2429 711 2478; x_wconf 89' lang='lat' dir='ltr'>secum</span> <span class='ocrx_word' id='word_1_97' title='bbox 734 2405 975 2491; x_wconf 88' lang='lat' dir='ltr'>deduxerunt,</span> <span class='ocrx_word' id='word_1_98' title='bbox 993 2407 1162 2480; x_wconf 89' lang='lat' dir='ltr'>dominus</span> 
     </span>
     <span class='ocr_line' id='line_1_17' title="bbox 207 2519 1162 2617; baseline 0.004 -27"><span class='ocrx_word' id='word_1_99' title='bbox 207 2543 272 2591; x_wconf 83' lang='lat' dir='ltr'>rex</span> <span class='ocrx_word' id='word_1_100' title='bbox 290 2519 336 2590; x_wconf 92' lang='lat' dir='ltr'>ad</span> <span class='ocrx_word' id='word_1_101' title='bbox 352 2520 544 2614; x_wconf 88' lang='lat' dir='ltr'>praedictos</span> <span class='ocrx_word' id='word_1_102' title='bbox 561 2530 690 2617; x_wconf 89' lang='lat' dir='ltr'>portus</span> <span class='ocrx_word' id='word_1_103' title='bbox 708 2545 729 2593; x_wconf 91' lang='lat' dir='ltr'>a</span> <span class='ocrx_word' id='word_1_104' title='bbox 746 2521 906 2594; x_wconf 87' lang='lat' dir='ltr'>calendis</span> <span class='ocrx_word' id='word_1_105' title='bbox 923 2519 1027 2593; x_wconf 87' lang='lat' dir='ltr'>Junii</span> <span class='ocrx_word' id='word_1_106' title='bbox 1046 2545 1162 2616; x_wconf 86' lang='lat' dir='ltr'>usque</span> 
     </span>
     <span class='ocr_line' id='line_1_18' title="bbox 206 2632 1161 2728; baseline 0.004 -24"><span class='ocrx_word' id='word_1_107' title='bbox 206 2633 254 2704; x_wconf 86' lang='lat' dir='ltr'>ad</span> <span class='ocrx_word' id='word_1_108' title='bbox 275 2632 446 2728; x_wconf 84' lang='lat' dir='ltr'>quintum</span> <span class='ocrx_word' id='word_1_109' title='bbox 468 2635 564 2707; x_wconf 90' lang='lat' dir='ltr'>diem</span> <span class='ocrx_word' id='word_1_110' title='bbox 586 2635 721 2708; x_wconf 87' lang='lat' dir='ltr'>mensis</span> <span class='ocrx_word' id='word_1_111' title='bbox 737 2635 829 2708; x_wconf 89' lang='lat' dir='ltr'>Julii</span> <span class='ocrx_word' id='word_1_112' title='bbox 849 2644 1001 2708; x_wconf 89' lang='lat' dir='ltr'>ventum</span> <span class='ocrx_word' id='word_1_113' title='bbox 1017 2637 1161 2710; x_wconf 88' lang='lat' dir='ltr'>tardum</span> 
     </span>
     <span class='ocr_line' id='line_1_19' title="bbox 208 2745 1162 2848; baseline 0.005 -26"><span class='ocrx_word' id='word_1_114' title='bbox 208 2750 271 2822; x_wconf 88' lang='lat' dir='ltr'>sed</span> <span class='ocrx_word' id='word_1_115' title='bbox 288 2773 506 2847; x_wconf 89' lang='lat' dir='ltr'>prosperum</span> <span class='ocrx_word' id='word_1_116' title='bbox 524 2752 741 2848; x_wconf 83' lang='lat' dir='ltr'>expectavit.</span> <span class='ocrx_word' id='word_1_117' title='bbox 782 2745 946 2824; x_wconf 86' lang='lat' dir='ltr'>Tandem</span> <span class='ocrx_word' id='word_1_118' title='bbox 963 2776 1048 2825; x_wconf 92' lang='lat' dir='ltr'>cum</span> <span class='ocrx_word' id='word_1_119' title='bbox 1065 2753 1162 2827; x_wconf 87' lang='lat' dir='ltr'>mille</span> 
     </span>
     <span class='ocr_line' id='line_1_20' title="bbox 207 2865 1162 2964; baseline 0.003 -28"><span class='ocrx_word' id='word_1_120' title='bbox 207 2865 373 2952; x_wconf 90' lang='lat' dir='ltr'>navibus,</span> <span class='ocrx_word' id='word_1_121' title='bbox 404 2865 575 2962; x_wconf 85' lang='lat' dir='ltr'>spinaciis</span> <span class='ocrx_word' id='word_1_122' title='bbox 606 2877 715 2963; x_wconf 88' lang='lat' dir='ltr'>atque</span> <span class='ocrx_word' id='word_1_123' title='bbox 745 2867 902 2940; x_wconf 88' lang='lat' dir='ltr'>cariariis</span> <span class='ocrx_word' id='word_1_124' title='bbox 932 2869 1162 2964; x_wconf 86' lang='lat' dir='ltr'>incoeperunt</span> 
     </span>
     <span class='ocr_line' id='line_1_21' title="bbox 205 2981 1161 3058; baseline 0.007 -7"><span class='ocrx_word' id='word_1_125' title='bbox 205 2981 385 3054; x_wconf 84' lang='lat' dir='ltr'>velificare</span> <span class='ocrx_word' id='word_1_126' title='bbox 403 2981 626 3056; x_wconf 88' lang='lat' dir='ltr'>mirabiliter.</span> <span class='ocrx_word' id='word_1_127' title='bbox 664 2981 853 3057; x_wconf 83' lang='lat' dir='ltr'>Secretum</span> <span class='ocrx_word' id='word_1_128' title='bbox 869 2983 1060 3056; x_wconf 86' lang='lat' dir='ltr'>tenebatur</span> <span class='ocrx_word' id='word_1_129' title='bbox 1072 2993 1161 3058; x_wconf 88' lang='lat' dir='ltr'>tunc</span> 
     </span>
     <span class='ocr_line' id='line_1_22' title="bbox 206 3096 1161 3196; baseline 0.008 -29"><span class='ocrx_word' id='word_1_130' title='bbox 206 3096 398 3169; x_wconf 85' lang='lat' dir='ltr'>consilium</span> <span class='ocrx_word' id='word_1_131' title='bbox 421 3100 540 3193; x_wconf 88' lang='lat' dir='ltr'>regale</span> <span class='ocrx_word' id='word_1_132' title='bbox 552 3131 561 3187; x_wconf 91' lang='lat'>;</span> <span class='ocrx_word' id='word_1_133' title='bbox 588 3099 752 3194; x_wconf 83' lang='lat' dir='ltr'>magistri</span> <span class='ocrx_word' id='word_1_134' title='bbox 774 3123 907 3196; x_wconf 84' lang='lat' dir='ltr'>nempe</span> <span class='ocrx_word' id='word_1_135' title='bbox 927 3101 1077 3173; x_wconf 88' lang='lat' dir='ltr'>navium</span> <span class='ocrx_word' id='word_1_136' title='bbox 1100 3102 1161 3175; x_wconf 87' lang='lat' dir='ltr'>ad·</span> 
     </span>
     <span class='ocr_line' id='line_1_23' title="bbox 205 3210 1159 3313; baseline 0.01 -30"><span class='ocrx_word' id='word_1_137' title='bbox 205 3210 278 3284; x_wconf 90' lang='lat' dir='ltr'>huc</span> <span class='ocrx_word' id='word_1_138' title='bbox 309 3213 354 3285; x_wconf 90' lang='lat' dir='ltr'>de</span> <span class='ocrx_word' id='word_1_139' title='bbox 383 3225 494 3310; x_wconf 90' lang='lat' dir='ltr'>portu</span> <span class='ocrx_word' id='word_1_140' title='bbox 520 3216 632 3289; x_wconf 88' lang='lat' dir='ltr'>amoti</span> <span class='ocrx_word' id='word_1_141' title='bbox 658 3215 864 3289; x_wconf 88' lang='lat' dir='ltr'>nescierunt</span> <span class='ocrx_word' id='word_1_142' title='bbox 889 3241 962 3313; x_wconf 91' lang='lat' dir='ltr'>quo</span> <span class='ocrx_word' id='word_1_143' title='bbox 988 3216 1159 3293; x_wconf 88' lang='lat' dir='ltr'>deberent</span> 
     </span>
     <span class='ocr_line' id='line_1_24' title="bbox 205 3329 1159 3430; baseline 0.009 -30"><span class='ocrx_word' id='word_1_144' title='bbox 205 3351 316 3428; x_wconf 88' lang='lat' dir='ltr'>naves</span> <span class='ocrx_word' id='word_1_145' title='bbox 344 3329 509 3426; x_wconf 89' lang='lat' dir='ltr'>dirigere,</span> <span class='ocrx_word' id='word_1_146' title='bbox 535 3333 599 3405; x_wconf 89' lang='lat' dir='ltr'>sed</span> <span class='ocrx_word' id='word_1_147' title='bbox 621 3333 715 3429; x_wconf 86' lang='lat' dir='ltr'>jussi</span> <span class='ocrx_word' id='word_1_148' title='bbox 745 3333 988 3430; x_wconf 89' lang='lat' dir='ltr'>sequebantur</span> <span class='ocrx_word' id='word_1_149' title='bbox 1017 3336 1159 3409; x_wconf 82' lang='lat' dir='ltr'>amiral-</span> 
     </span>
     <span class='ocr_line' id='line_1_25' title="bbox 195 3445 1160 3524; baseline 0.009 -9"><span class='ocrx_word' id='word_1_150' title='bbox 195 3445 293 3516; x_wconf 72' lang='lat' dir='ltr'>dum.</span> <span class='ocrx_word' id='word_1_151' title='bbox 333 3445 520 3520; x_wconf 50' lang='lat' dir='ltr'>«Attamen</span> <span class='ocrx_word' id='word_1_152' title='bbox 549 3450 676 3522; x_wconf 88' lang='lat' dir='ltr'>eodem</span> <span class='ocrx_word' id='word_1_153' title='bbox 707 3449 765 3522; x_wconf 87' lang='lat' dir='ltr'>die</span> <span class='ocrx_word' id='word_1_154' title='bbox 794 3473 859 3524; x_wconf 86' lang='lat' dir='ltr'>rex</span> <span class='ocrx_word' id='word_1_155' title='bbox 888 3451 933 3523; x_wconf 89' lang='lat' dir='ltr'>de</span> <span class='ocrx_word' id='word_1_156' title='bbox 967 3471 1033 3524; x_wconf 86' lang='lat' dir='ltr'>sua</span> <span class='ocrx_word' id='word_1_157' title='bbox 1066 3475 1160 3524; x_wconf 87' lang='lat' dir='ltr'>nave</span> 
     </span>
     <span class='ocr_line' id='line_1_26' title="bbox 205 3561 1159 3662; baseline 0.008 -30"><span class='ocrx_word' id='word_1_158' title='bbox 205 3561 326 3634; x_wconf 88' lang='lat' dir='ltr'>emisit</span> <span class='ocrx_word' id='word_1_159' title='bbox 357 3563 506 3637; x_wconf 90' lang='lat' dir='ltr'>nuntios</span> <span class='ocrx_word' id='word_1_160' title='bbox 532 3565 579 3636; x_wconf 88' lang='lat' dir='ltr'>ad</span> <span class='ocrx_word' id='word_1_161' title='bbox 603 3572 733 3638; x_wconf 86' lang='lat' dir='ltr'>caetera</span> <span class='ocrx_word' id='word_1_162' title='bbox 757 3588 855 3652; x_wconf 85' lang='lat' dir='ltr'>vasa,</span> <span class='ocrx_word' id='word_1_163' title='bbox 878 3567 955 3660; x_wconf 89' lang='lat' dir='ltr'>jam</span> <span class='ocrx_word' id='word_1_164' title='bbox 980 3567 1086 3662; x_wconf 91' lang='lat' dir='ltr'>longe</span> <span class='ocrx_word' id='word_1_165' title='bbox 1113 3569 1159 3640; x_wconf 90' lang='lat' dir='ltr'>ab</span> 
     </span>
     <span class='ocr_line' id='line_1_27' title="bbox 205 3677 1159 3776; baseline 0.008 -28"><span class='ocrx_word' id='word_1_166' title='bbox 205 3677 311 3750; x_wconf 88' lang='lat' dir='ltr'>litore</span> <span class='ocrx_word' id='word_1_167' title='bbox 342 3678 524 3766; x_wconf 86' lang='lat' dir='ltr'>distantia,</span> <span class='ocrx_word' id='word_1_168' title='bbox 559 3679 772 3776; x_wconf 87' lang='lat' dir='ltr'>praecipiens</span> <span class='ocrx_word' id='word_1_169' title='bbox 803 3704 929 3753; x_wconf 89' lang='lat' dir='ltr'>eorum</span> <span class='ocrx_word' id='word_1_170' title='bbox 957 3683 1159 3756; x_wconf 87' lang='lat' dir='ltr'>rectoribus</span> 
     </span>
     <span class='ocr_line' id='line_1_28' title="bbox 206 3797 1157 3893; baseline 0.005 -28"><span class='ocrx_word' id='word_1_171' title='bbox 206 3803 248 3866; x_wconf 89' lang='lat' dir='ltr'>ut</span> <span class='ocrx_word' id='word_1_172' title='bbox 266 3804 503 3889; x_wconf 85' lang='lat' dir='ltr'>sequerentur</span> <span class='ocrx_word' id='word_1_173' title='bbox 519 3797 735 3884; x_wconf 88' lang='lat' dir='ltr'>amirallum,</span> <span class='ocrx_word' id='word_1_174' title='bbox 754 3797 800 3870; x_wconf 85' lang='lat' dir='ltr'>ad</span> <span class='ocrx_word' id='word_1_175' title='bbox 817 3805 964 3892; x_wconf 88' lang='lat' dir='ltr'>portum</span> <span class='ocrx_word' id='word_1_176' title='bbox 989 3798 1033 3870; x_wconf 92' lang='lat' dir='ltr'>de</span> <span class='ocrx_word' id='word_1_177' title='bbox 1055 3797 1157 3893; x_wconf 91' lang='lat' dir='ltr'>Hog-</span> 
     </span>
     <span class='ocr_line' id='line_1_29' title="bbox 205 3907 1157 4006; baseline 0.003 -25"><span class='ocrx_word' id='word_1_178' title='bbox 205 3907 258 4003; x_wconf 85' lang='lat' dir='ltr'>gis</span> <span class='ocrx_word' id='word_1_179' title='bbox 288 3910 327 3981; x_wconf 88' lang='lat' dir='ltr'>in</span> <span class='ocrx_word' id='word_1_180' title='bbox 357 3909 583 3984; x_wconf 83' lang='lat' dir='ltr'>Nonnennia</span> <span class='ocrx_word' id='word_1_181' title='bbox 617 3935 727 3986; x_wconf 86' lang='lat' dir='ltr'>naves</span> <span class='ocrx_word' id='word_1_182' title='bbox 762 3913 942 4006; x_wconf 85' lang='lat' dir='ltr'>directuri.</span> <span class='ocrx_word' id='word_1_183' title='bbox 994 3912 1157 3985; x_wconf 87' lang='lat' dir='ltr'>Tandem</span> 
     </span>
     <span class='ocr_line' id='line_1_30' title="bbox 206 4023 1157 4125; baseline 0.003 -29"><span class='ocrx_word' id='word_1_184' title='bbox 206 4025 263 4097; x_wconf 90' lang='lat' dir='ltr'>die</span> <span class='ocrx_word' id='word_1_185' title='bbox 298 4023 407 4099; x_wconf 84' lang='lat' dir='ltr'>tertio</span> <span class='ocrx_word' id='word_1_186' title='bbox 441 4029 583 4102; x_wconf 91' lang='lat' dir='ltr'>decimo</span> <span class='ocrx_word' id='word_1_187' title='bbox 616 4031 776 4125; x_wconf 85' lang='lat' dir='ltr'>ejusdem</span> <span class='ocrx_word' id='word_1_188' title='bbox 810 4032 943 4103; x_wconf 88' lang='lat' dir='ltr'>mensis</span> <span class='ocrx_word' id='word_1_189' title='bbox 977 4029 1081 4114; x_wconf 85' lang='lat' dir='ltr'>Julii,</span> <span class='ocrx_word' id='word_1_190' title='bbox 1111 4029 1157 4100; x_wconf 89' lang='lat' dir='ltr'>ad</span> 
     </span>
     <span class='ocr_line' id='line_1_31' title="bbox 205 4145 1157 4243; baseline 0.004 -31"><span class='ocrx_word' id='word_1_191' title='bbox 205 4150 354 4235; x_wconf 91' lang='lat' dir='ltr'>portum</span> <span class='ocrx_word' id='word_1_192' title='bbox 388 4145 632 4220; x_wconf 86' lang='lat' dir='ltr'>desideratum</span> <span class='ocrx_word' id='word_1_193' title='bbox 666 4148 932 4243; x_wconf 87' lang='lat' dir='ltr'>applicuerunt,</span> <span class='ocrx_word' id='word_1_194' title='bbox 962 4146 1026 4217; x_wconf 92' lang='lat' dir='ltr'>ubi</span> <span class='ocrx_word' id='word_1_195' title='bbox 1060 4145 1157 4218; x_wconf 88' lang='lat' dir='ltr'>nacti</span> 
     </span>
     <span class='ocr_line' id='line_1_32' title="bbox 205 4247 1157 4360; baseline 0.004 -28"><span class='ocrx_word' id='word_1_196' title='bbox 205 4268 350 4349; x_wconf 89' lang='lat' dir='ltr'>terram,</span> <span class='ocrx_word' id='word_1_197' title='bbox 378 4261 425 4335; x_wconf 90' lang='lat' dir='ltr'>in</span> <span class='ocrx_word' id='word_1_198' title='bbox 457 4265 579 4338; x_wconf 88' lang='lat' dir='ltr'>littore</span> <span class='ocrx_word' id='word_1_199' title='bbox 613 4289 721 4338; x_wconf 89' lang='lat' dir='ltr'>suum</span> <span class='ocrx_word' id='word_1_200' title='bbox 753 4247 1037 4360; x_wconf 86' lang='lat' dir='ltr'>primogenitum</span> <span class='ocrx_word' id='word_1_201' title='bbox 1071 4264 1157 4336; x_wconf 84' lang='lat' dir='ltr'>fecit</span> 
     </span>
    </p>
   </div>
   <div class='ocr_carea' id='block_1_3' title="bbox 0 0 1564 5008">
    <p class='ocr_par' dir='ltr' id='par_1_3' title="bbox 0 0 1564 5008">
     <span class='ocr_line' id='line_1_33' title="bbox 0 0 1564 5008; baseline 0 2"><span class='ocrx_word' id='word_1_202' title='bbox 0 0 1564 5008; x_wconf 95' lang='lat' dir='ltr'> </span> 
     </span>
    </p>
   </div>
  </div>
 </body>
</html>
