<?xml version="1.0" encoding="UTF-8"?>
<!DOCTYPE html PUBLIC "-//W3C//DTD XHTML 1.0 Transitional//EN"
    "http://www.w3.org/TR/xhtml1/DTD/xhtml1-transitional.dtd">
<html xmlns="http://www.w3.org/1999/xhtml" xml:lang="en" lang="en">
 <head>
  <title>
</title>
<meta http-equiv="Content-Type" content="text/html;charset=utf-8" />
  <meta name='ocr-system' content='tesseract 3.04.00' />
  <meta name='ocr-capabilities' content='ocr_page ocr_carea ocr_par ocr_line ocrx_word'/>
</head>
<body>
  <div class='ocr_page' id='page_1' title='image "./galfridilebaker00gilegoog_0119.png"; bbox 0 0 3118 5008; ppageno 0'>
   <div class='ocr_carea' id='block_1_1' title="bbox 246 637 1196 727">
    <p class='ocr_par' dir='ltr' id='par_1_1' title="bbox 246 637 1196 727">
     <span class='ocr_line' id='line_1_1' title="bbox 246 637 1196 727; baseline 0.001 -21"><span class='ocrx_word' id='word_1_1' title='bbox 246 637 457 727; x_wconf 80' lang='lat' dir='ltr'>rr.n.l33l.]</span> <span class='ocrx_word' id='word_1_2' title='bbox 498 638 542 707; x_wconf 74' lang='lat' dir='ltr'>un</span> <span class='ocrx_word' id='word_1_3' title='bbox 562 657 689 708; x_wconf 73' lang='lat' dir='ltr'>rauna</span> <span class='ocrx_word' id='word_1_4' title='bbox 708 658 756 706; x_wconf 83' lang='lat' dir='ltr'>nu</span> <span class='ocrx_word' id='word_1_5' title='bbox 776 657 1017 710; x_wconf 83' lang='lat' dir='ltr'>swruuaomr.</span> <span class='ocrx_word' id='word_1_6' title='bbox 1128 637 1196 707; x_wconf 85' lang='lat'>115</span> 
     </span>
    </p>
   </div>
   <div class='ocr_carea' id='block_1_2' title="bbox 208 785 1294 4268">
    <p class='ocr_par' dir='ltr' id='par_1_2' title="bbox 208 785 1294 4268">
     <span class='ocr_line' id='line_1_2' title="bbox 244 785 1196 873; baseline -0.001 -14"><span class='ocrx_word' id='word_1_7' title='bbox 244 787 420 861; x_wconf 52' lang='lat' dir='ltr'>dominus*</span> <span class='ocrx_word' id='word_1_8' title='bbox 440 786 624 860; x_wconf 89' lang='lat' dir='ltr'>Henricus</span> <span class='ocrx_word' id='word_1_9' title='bbox 659 786 703 859; x_wconf 93' lang='lat' dir='ltr'>de</span> <span class='ocrx_word' id='word_1_10' title='bbox 737 785 980 873; x_wconf 89' lang='lat' dir='ltr'>Bellomonte,</span> <span class='ocrx_word' id='word_1_11' title='bbox 1007 796 1043 859; x_wconf 90' lang='lat' dir='ltr'>et</span> <span class='ocrx_word' id='word_1_12' title='bbox 1077 785 1196 859; x_wconf 90' lang='lat' dir='ltr'>David</span> 
     </span>
     <span class='ocr_line' id='line_1_3' title="bbox 244 903 1195 992; baseline 0.001 -16"><span class='ocrx_word' id='word_1_13' title='bbox 244 929 365 978; x_wconf 87' lang='lat' dir='ltr'>comes</span> <span class='ocrx_word' id='word_1_14' title='bbox 388 904 549 992; x_wconf 74' lang='lat' dir='ltr'>DasseIS,</span> <span class='ocrx_word' id='word_1_15' title='bbox 572 913 609 978; x_wconf 88' lang='lat' dir='ltr'>et</span> <span class='ocrx_word' id='word_1_16' title='bbox 632 903 809 978; x_wconf 86' lang='lat' dir='ltr'>Ricardus</span> <span class='ocrx_word' id='word_1_17' title='bbox 833 904 996 992; x_wconf 90' lang='lat' dir='ltr'>Talebot,</span> <span class='ocrx_word' id='word_1_18' title='bbox 1020 913 1056 978; x_wconf 92' lang='lat' dir='ltr'>et</span> <span class='ocrx_word' id='word_1_19' title='bbox 1080 904 1195 978; x_wconf 92' lang='lat' dir='ltr'>domi-</span> 
     </span>
     <span class='ocr_line' id='line_1_4' title="bbox 243 1014 1195 1118; baseline 0.002 -26"><span class='ocrx_word' id='word_1_20' title='bbox 243 1045 313 1094; x_wconf 90' lang='lat' dir='ltr'>nus</span> <span class='ocrx_word' id='word_1_21' title='bbox 343 1020 558 1118; x_wconf 85' lang='lat' dir='ltr'>Radulphus</span> <span class='ocrx_word' id='word_1_22' title='bbox 592 1014 637 1093; x_wconf 85' lang='lat' dir='ltr'>de</span> <span class='ocrx_word' id='word_1_23' title='bbox 672 1018 852 1093; x_wconf 85' lang='lat' dir='ltr'>Stafforde</span> <span class='ocrx_word' id='word_1_24' title='bbox 885 1021 985 1110; x_wconf 89' lang='lat' dir='ltr'>baro,</span> <span class='ocrx_word' id='word_1_25' title='bbox 1016 1030 1052 1095; x_wconf 92' lang='lat' dir='ltr'>et</span> <span class='ocrx_word' id='word_1_26' title='bbox 1082 1020 1195 1094; x_wconf 85' lang='lat' dir='ltr'>Fulco</span> 
     </span>
     <span class='ocr_line' id='line_1_5' title="bbox 244 1137 1195 1224; baseline 0 -14"><span class='ocrx_word' id='word_1_27' title='bbox 244 1137 339 1210; x_wconf 88' lang='lat' dir='ltr'>filius</span> <span class='ocrx_word' id='word_1_28' title='bbox 358 1137 546 1223; x_wconf 88' lang='lat' dir='ltr'>Wiilelmi,</span> <span class='ocrx_word' id='word_1_29' title='bbox 564 1147 602 1209; x_wconf 91' lang='lat' dir='ltr'>et</span> <span class='ocrx_word' id='word_1_30' title='bbox 622 1137 730 1210; x_wconf 88' lang='lat' dir='ltr'>multi</span> <span class='ocrx_word' id='word_1_31' title='bbox 748 1137 808 1209; x_wconf 91' lang='lat' dir='ltr'>alii</span> <span class='ocrx_word' id='word_1_32' title='bbox 826 1138 976 1224; x_wconf 88' lang='lat' dir='ltr'>nobiles,</span> <span class='ocrx_word' id='word_1_33' title='bbox 996 1149 1195 1211; x_wconf 86' lang='lat' dir='ltr'>asserentes</span> 
     </span>
     <span class='ocr_line' id='line_1_6' title="bbox 243 1253 1195 1348; baseline -0.001 -22"><span class='ocrx_word' id='word_1_34' title='bbox 243 1277 282 1325; x_wconf 89' lang='lat' dir='ltr'>se</span> <span class='ocrx_word' id='word_1_35' title='bbox 297 1254 357 1348; x_wconf 89' lang='lat' dir='ltr'>jus</span> <span class='ocrx_word' id='word_1_36' title='bbox 375 1253 507 1326; x_wconf 86' lang='lat' dir='ltr'>habere</span> <span class='ocrx_word' id='word_1_37' title='bbox 525 1253 571 1324; x_wconf 90' lang='lat' dir='ltr'>ad</span> <span class='ocrx_word' id='word_1_38' title='bbox 588 1262 701 1325; x_wconf 87' lang='lat' dir='ltr'>terras</span> <span class='ocrx_word' id='word_1_39' title='bbox 719 1261 756 1324; x_wconf 87' lang='lat' dir='ltr'>et</span> <span class='ocrx_word' id='word_1_40' title='bbox 773 1255 1020 1348; x_wconf 84' lang='lat' dir='ltr'>possessiones</span> <span class='ocrx_word' id='word_1_41' title='bbox 1041 1255 1079 1325; x_wconf 90' lang='lat' dir='ltr'>in</span> <span class='ocrx_word' id='word_1_42' title='bbox 1098 1254 1195 1326; x_wconf 91' lang='lat' dir='ltr'>dicto</span> 
     </span>
     <span class='ocr_line' id='line_1_7' title="bbox 243 1367 1195 1464; baseline 0.001 -24"><span class='ocrx_word' id='word_1_43' title='bbox 243 1393 356 1464; x_wconf 86' lang='lat' dir='ltr'>regno</span> <span class='ocrx_word' id='word_1_44' title='bbox 379 1367 521 1455; x_wconf 86' lang='lat' dir='ltr'>Scotiae‚</span> <span class='ocrx_word' id='word_1_45' title='bbox 543 1369 626 1462; x_wconf 89' lang='lat' dir='ltr'>jure</span> <span class='ocrx_word' id='word_1_46' title='bbox 648 1367 888 1454; x_wconf 86' lang='lat' dir='ltr'>haereditario,</span> <span class='ocrx_word' id='word_1_47' title='bbox 906 1369 965 1441; x_wconf 92' lang='lat' dir='ltr'>vel</span> <span class='ocrx_word' id='word_1_48' title='bbox 983 1368 1112 1440; x_wconf 92' lang='lat' dir='ltr'>dotum</span> <span class='ocrx_word' id='word_1_49' title='bbox 1128 1394 1195 1441; x_wconf 86' lang='lat' dir='ltr'>ux-</span> 
     </span>
     <span class='ocr_line' id='line_1_8' title="bbox 240 1483 1195 1580; baseline -0.001 -23"><span class='ocrx_word' id='word_1_50' title='bbox 240 1509 350 1557; x_wconf 87' lang='lat' dir='ltr'><strong>orum</strong></span> <span class='ocrx_word' id='word_1_51' title='bbox 376 1509 526 1557; x_wconf 87' lang='lat' dir='ltr'>suarum</span> <span class='ocrx_word' id='word_1_52' title='bbox 552 1483 620 1557; x_wconf 87' lang='lat' dir='ltr'>sibi</span> <span class='ocrx_word' id='word_1_53' title='bbox 646 1483 798 1570; x_wconf 84' lang='lat' dir='ltr'>debitas,</span> <span class='ocrx_word' id='word_1_54' title='bbox 826 1484 891 1556; x_wconf 89' lang='lat' dir='ltr'>sed</span> <span class='ocrx_word' id='word_1_55' title='bbox 915 1507 982 1580; x_wconf 90' lang='lat' dir='ltr'>per</span> <span class='ocrx_word' id='word_1_56' title='bbox 1008 1493 1195 1579; x_wconf 83' lang='lat' dir='ltr'>magnates</span> 
     </span>
     <span class='ocr_line' id='line_1_9' title="bbox 245 1599 1196 1695; baseline -0.001 -23"><span class='ocrx_word' id='word_1_57' title='bbox 245 1599 376 1673; x_wconf 86' lang='lat' dir='ltr'>Scotiae</span> <span class='ocrx_word' id='word_1_58' title='bbox 403 1600 567 1673; x_wconf 89' lang='lat' dir='ltr'>detentas</span> <span class='ocrx_word' id='word_1_59' title='bbox 594 1599 742 1695; x_wconf 89' lang='lat' dir='ltr'>injuste,</span> <span class='ocrx_word' id='word_1_60' title='bbox 768 1599 866 1672; x_wconf 91' lang='lat' dir='ltr'>unde</span> <span class='ocrx_word' id='word_1_61' title='bbox 893 1601 1128 1695; x_wconf 87' lang='lat' dir='ltr'>postularunt</span> <span class='ocrx_word' id='word_1_62' title='bbox 1154 1599 1196 1671; x_wconf 90' lang='lat' dir='ltr'>li-</span> 
     </span>
     <span class='ocr_line' id='line_1_10' title="bbox 244 1715 1196 1812; baseline 0 -24"><span class='ocrx_word' id='word_1_63' title='bbox 244 1717 400 1791; x_wconf 91' lang='lat' dir='ltr'>centiam</span> <span class='ocrx_word' id='word_1_64' title='bbox 421 1726 458 1791; x_wconf 91' lang='lat' dir='ltr'>et</span> <span class='ocrx_word' id='word_1_65' title='bbox 483 1716 659 1789; x_wconf 87' lang='lat' dir='ltr'>auxilium</span> <span class='ocrx_word' id='word_1_66' title='bbox 681 1739 702 1788; x_wconf 91' lang='lat' dir='ltr'>a</span> <span class='ocrx_word' id='word_1_67' title='bbox 722 1739 806 1811; x_wconf 82' lang='lat' dir='ltr'>rege</span> <span class='ocrx_word' id='word_1_68' title='bbox 824 1715 963 1809; x_wconf 83' lang='lat' dir='ltr'>Angliae</span> <span class='ocrx_word' id='word_1_69' title='bbox 985 1741 1138 1812; x_wconf 83' lang='lat' dir='ltr'>regnum</span> <span class='ocrx_word' id='word_1_70' title='bbox 1160 1724 1196 1788; x_wconf 91' lang='lat' dir='ltr'>et</span> 
     </span>
     <span class='ocr_line' id='line_1_11' title="bbox 243 1815 1235 1930; baseline 0 -25"><span class='ocrx_word' id='word_1_71' title='bbox 243 1833 378 1930; x_wconf 90' lang='lat' dir='ltr'>praedia</span> <span class='ocrx_word' id='word_1_72' title='bbox 408 1833 477 1906; x_wconf 86' lang='lat' dir='ltr'>sibi</span> <span class='ocrx_word' id='word_1_73' title='bbox 510 1832 631 1906; x_wconf 90' lang='lat' dir='ltr'>debita</span> <span class='ocrx_word' id='word_1_74' title='bbox 659 1833 907 1928; x_wconf 87' lang='lat' dir='ltr'>recuperandi.</span> <span class='ocrx_word' id='word_1_75' title='bbox 961 1832 1102 1906; x_wconf 92' lang='lat' dir='ltr'>Verum</span> <span class='ocrx_word' id='word_1_76' title='bbox 1131 1815 1235 1906; x_wconf 75' lang='lat' dir='ltr'>rex&#39;</span> 
     </span>
     <span class='ocr_line' id='line_1_12' title="bbox 244 1949 1198 2047; baseline -0.001 -24"><span class='ocrx_word' id='word_1_77' title='bbox 244 1950 386 2045; x_wconf 81' lang='lat' dir='ltr'>Angliae</span> <span class='ocrx_word' id='word_1_78' title='bbox 403 1949 708 2046; x_wconf 84' lang='lat' dir='ltr'>contemplatione</span> <span class='ocrx_word' id='word_1_79' title='bbox 725 1949 825 2046; x_wconf 89' lang='lat' dir='ltr'>pacis</span> <span class='ocrx_word' id='word_1_80' title='bbox 842 1949 938 2023; x_wconf 90' lang='lat' dir='ltr'>inter</span> <span class='ocrx_word' id='word_1_81' title='bbox 954 1974 1065 2046; x_wconf 82' lang='lat' dir='ltr'>regna</span> <span class='ocrx_word' id='word_1_82' title='bbox 1081 1975 1198 2047; x_wconf 88' lang='lat' dir='ltr'>nuper</span> 
     </span>
     <span class='ocr_line' id='line_1_13' title="bbox 244 2067 1198 2167; baseline 0.002 -27"><span class='ocrx_word' id='word_1_83' title='bbox 244 2067 360 2158; x_wconf 80' lang='lat' dir='ltr'>factae,</span> <span class='ocrx_word' id='word_1_84' title='bbox 386 2078 494 2167; x_wconf 88' lang='lat' dir='ltr'>atque</span> <span class='ocrx_word' id='word_1_85' title='bbox 521 2071 654 2144; x_wconf 86' lang='lat' dir='ltr'>sororis</span> <span class='ocrx_word' id='word_1_86' title='bbox 683 2095 757 2143; x_wconf 87' lang='lat' dir='ltr'>suae</span> <span class='ocrx_word' id='word_1_87' title='bbox 785 2069 917 2166; x_wconf 84' lang='lat' dir='ltr'>reginae</span> <span class='ocrx_word' id='word_1_88' title='bbox 949 2068 1092 2157; x_wconf 88' lang='lat' dir='ltr'>Scotiae,</span> <span class='ocrx_word' id='word_1_89' title='bbox 1123 2094 1198 2142; x_wconf 91' lang='lat' dir='ltr'>non</span> 
     </span>
     <span class='ocr_line' id='line_1_14' title="bbox 244 2185 1195 2284; baseline 0.001 -25"><span class='ocrx_word' id='word_1_90' title='bbox 244 2188 408 2281; x_wconf 87' lang='lat' dir='ltr'>permisit</span> <span class='ocrx_word' id='word_1_91' title='bbox 433 2189 531 2284; x_wconf 89' lang='lat' dir='ltr'>ipsos</span> <span class='ocrx_word' id='word_1_92' title='bbox 556 2212 622 2284; x_wconf 86' lang='lat' dir='ltr'>per</span> <span class='ocrx_word' id='word_1_93' title='bbox 647 2197 782 2261; x_wconf 89' lang='lat' dir='ltr'>terram</span> <span class='ocrx_word' id='word_1_94' title='bbox 809 2211 913 2260; x_wconf 88' lang='lat' dir='ltr'>suam</span> <span class='ocrx_word' id='word_1_95' title='bbox 937 2188 1083 2283; x_wconf 82' lang='lat' dir='ltr'>aggredi</span> <span class='ocrx_word' id='word_1_96' title='bbox 1107 2185 1195 2261; x_wconf 88' lang='lat' dir='ltr'>Sco-</span> 
     </span>
     <span class='ocr_line' id='line_1_15' title="bbox 244 2302 1196 2400; baseline 0.003 -26"><span class='ocrx_word' id='word_1_97' title='bbox 244 2302 334 2377; x_wconf 92' lang='lat' dir='ltr'>tiam</span> <span class='ocrx_word' id='word_1_98' title='bbox 364 2329 450 2378; x_wconf 89' lang='lat' dir='ltr'>cum</span> <span class='ocrx_word' id='word_1_99' title='bbox 478 2329 589 2386; x_wconf 88' lang='lat' dir='ltr'>manu</span> <span class='ocrx_word' id='word_1_100' title='bbox 620 2311 854 2377; x_wconf 88' lang='lat' dir='ltr'>armatorum.</span> <span class='ocrx_word' id='word_1_101' title='bbox 908 2303 1105 2400; x_wconf 86' lang='lat' dir='ltr'>Propterea</span> <span class='ocrx_word' id='word_1_102' title='bbox 1132 2304 1196 2377; x_wconf 94' lang='lat' dir='ltr'>do-</span> 
     </span>
     <span class='ocr_line' id='line_1_16' title="bbox 244 2417 1198 2517; baseline 0.002 -27"><span class='ocrx_word' id='word_1_103' title='bbox 244 2420 335 2492; x_wconf 90' lang='lat' dir='ltr'>mini</span> <span class='ocrx_word' id='word_1_104' title='bbox 356 2421 522 2517; x_wconf 89' lang='lat' dir='ltr'>praedicti</span> <span class='ocrx_word' id='word_1_105' title='bbox 546 2420 644 2494; x_wconf 87' lang='lat' dir='ltr'>nacti</span> <span class='ocrx_word' id='word_1_106' title='bbox 665 2417 864 2514; x_wconf 85' lang='lat' dir='ltr'>navigium,</span> <span class='ocrx_word' id='word_1_107' title='bbox 883 2441 983 2490; x_wconf 90' lang='lat' dir='ltr'>mare</span> <span class='ocrx_word' id='word_1_108' title='bbox 1000 2418 1198 2514; x_wconf 86' lang='lat' dir='ltr'>Anglicum</span> 
     </span>
     <span class='ocr_line' id='line_1_17' title="bbox 245 2534 1198 2632; baseline 0 -25"><span class='ocrx_word' id='word_1_109' title='bbox 245 2534 409 2631; x_wconf 84' lang='lat' dir='ltr'>ingressi,</span> <span class='ocrx_word' id='word_1_110' title='bbox 425 2535 587 2610; x_wconf 86' lang='lat' dir='ltr'>Scotiam</span> <span class='ocrx_word' id='word_1_111' title='bbox 603 2536 819 2608; x_wconf 85' lang='lat' dir='ltr'>velificando</span> <span class='ocrx_word' id='word_1_112' title='bbox 836 2535 1032 2632; x_wconf 90' lang='lat' dir='ltr'>petierunt,</span> <span class='ocrx_word' id='word_1_113' title='bbox 1046 2544 1084 2608; x_wconf 91' lang='lat' dir='ltr'>et</span> <span class='ocrx_word' id='word_1_114' title='bbox 1100 2536 1198 2631; x_wconf 92' lang='lat' dir='ltr'>apud</span> 
     </span>
     <span class='ocr_line' id='line_1_18' title="bbox 246 2650 1198 2748; baseline 0 -24"><span class='ocrx_word' id='word_1_115' title='bbox 246 2651 452 2727; x_wconf 84' lang='lat' dir='ltr'>Clinkhorn</span> <span class='ocrx_word' id='word_1_116' title='bbox 472 2653 579 2748; x_wconf 86' lang='lat' dir='ltr'>juxta</span> <span class='ocrx_word' id='word_1_117' title='bbox 601 2652 783 2725; x_wconf 90' lang='lat' dir='ltr'>abbatiam</span> <span class='ocrx_word' id='word_1_118' title='bbox 804 2653 849 2724; x_wconf 88' lang='lat' dir='ltr'>de</span> <span class='ocrx_word' id='word_1_119' title='bbox 869 2650 1131 2740; x_wconf 80' lang='lat' dir='ltr'>Donfermelin,</span> <span class='ocrx_word' id='word_1_120' title='bbox 1155 2653 1198 2724; x_wconf 93' lang='lat' dir='ltr'>li-</span> 
     </span>
     <span class='ocr_line' id='line_1_19' title="bbox 245 2768 1198 2867; baseline -0.003 -24"><span class='ocrx_word' id='word_1_121' title='bbox 245 2779 326 2843; x_wconf 89' lang='lat' dir='ltr'>tora</span> <span class='ocrx_word' id='word_1_122' title='bbox 348 2778 590 2867; x_wconf 89' lang='lat' dir='ltr'>capessentes,</span> <span class='ocrx_word' id='word_1_123' title='bbox 614 2792 785 2864; x_wconf 86' lang='lat' dir='ltr'>magnam</span> <span class='ocrx_word' id='word_1_124' title='bbox 811 2768 1054 2842; x_wconf 86' lang='lat' dir='ltr'>resistentiam</span> <span class='ocrx_word' id='word_1_125' title='bbox 1080 2778 1118 2841; x_wconf 92' lang='lat' dir='ltr'>et</span> <span class='ocrx_word' id='word_1_126' title='bbox 1143 2769 1198 2840; x_wconf 88' lang='lat' dir='ltr'>in-</span> 
     </span>
     <span class='ocr_line' id='line_1_20' title="bbox 246 2885 1199 2984; baseline -0.001 -24"><span class='ocrx_word' id='word_1_127' title='bbox 246 2887 432 2984; x_wconf 84' lang='lat' dir='ltr'>opinatam</span> <span class='ocrx_word' id='word_1_128' title='bbox 449 2887 668 2972; x_wconf 89' lang='lat' dir='ltr'>habuerunt,</span> <span class='ocrx_word' id='word_1_129' title='bbox 686 2886 750 2963; x_wconf 86' lang='lat' dir='ltr'>sed</span> <span class='ocrx_word' id='word_1_130' title='bbox 773 2885 912 2982; x_wconf 88' lang='lat' dir='ltr'>pedites</span> <span class='ocrx_word' id='word_1_131' title='bbox 930 2885 1075 2980; x_wconf 85' lang='lat' dir='ltr'>Anglici</span> <span class='ocrx_word' id='word_1_132' title='bbox 1091 2888 1199 2982; x_wconf 92' lang='lat' dir='ltr'>pauci</span> 
     </span>
     <span class='ocr_line' id='line_1_21' title="bbox 246 3003 1294 3133; baseline 0.002 -57"><span class='ocrx_word' id='word_1_133' title='bbox 246 3028 399 3133; x_wconf 80' lang='lat' dir='ltr'>numerp</span> <span class='ocrx_word' id='word_1_134' title='bbox 437 3005 588 3078; x_wconf 90' lang='lat' dir='ltr'>celerius</span> <span class='ocrx_word' id='word_1_135' title='bbox 631 3014 766 3076; x_wconf 88' lang='lat' dir='ltr'>terram</span> <span class='ocrx_word' id='word_1_136' title='bbox 800 3003 1036 3100; x_wconf 88' lang='lat' dir='ltr'>applicantes,</span> <span class='ocrx_word' id='word_1_137' title='bbox 1073 3028 1199 3078; x_wconf 88' lang='lat' dir='ltr'>omnes</span> <span class='ocrx_word' id='word_1_138' title='bbox 1293 3055 1294 3058; x_wconf 54' lang='lat'><em>=</em></span> 
     </span>
     <span class='ocr_line' id='line_1_22' title="bbox 208 3121 1199 3218; baseline 0.001 -22"><span class='ocrx_word' id='word_1_139' title='bbox 208 3122 376 3196; x_wconf 59' lang='lat' dir='ltr'>·=Scotos</span> <span class='ocrx_word' id='word_1_140' title='bbox 411 3123 536 3197; x_wconf 91' lang='lat' dir='ltr'>obvios</span> <span class='ocrx_word' id='word_1_141' title='bbox 557 3123 828 3218; x_wconf 85' lang='lat' dir='ltr'>compulerunt</span> <span class='ocrx_word' id='word_1_142' title='bbox 866 3121 904 3193; x_wconf 92' lang='lat' dir='ltr'>in</span> <span class='ocrx_word' id='word_1_143' title='bbox 942 3121 1077 3217; x_wconf 81' lang='lat' dir='ltr'>fugam,</span> <span class='ocrx_word' id='word_1_144' title='bbox 1113 3147 1199 3198; x_wconf 91' lang='lat' dir='ltr'>cum</span> 
     </span>
     <span class='ocr_line' id='line_1_23' title="bbox 246 3236 1199 3324; baseline 0.001 -12"><span class='ocrx_word' id='word_1_145' title='bbox 246 3241 393 3313; x_wconf 86' lang='lat' dir='ltr'>illorum&#39;</span> <span class='ocrx_word' id='word_1_146' title='bbox 415 3241 569 3314; x_wconf 84' lang='lat' dir='ltr'>ducibus</span> <span class='ocrx_word' id='word_1_147' title='bbox 593 3239 726 3312; x_wconf 84' lang='lat' dir='ltr'>comite</span> <span class='ocrx_word' id='word_1_148' title='bbox 750 3239 794 3310; x_wconf 92' lang='lat' dir='ltr'>de</span> <span class='ocrx_word' id='word_1_149' title='bbox 818 3236 908 3324; x_wconf 85' lang='lat' dir='ltr'>Fife,</span> <span class='ocrx_word' id='word_1_150' title='bbox 927 3247 964 3310; x_wconf 92' lang='lat' dir='ltr'>et</span> <span class='ocrx_word' id='word_1_151' title='bbox 985 3238 1145 3312; x_wconf 86' lang='lat' dir='ltr'>Roberto</span> <span class='ocrx_word' id='word_1_152' title='bbox 1164 3241 1199 3313; x_wconf 91' lang='lat' dir='ltr'>le</span> 
     </span>
     <span class='ocr_line' id='line_1_24' title="bbox 248 3355 1200 3452; baseline 0.005 -24"><span class='ocrx_word' id='word_1_153' title='bbox 248 3356 354 3444; x_wconf 73' lang='lat' dir='ltr'>Brun,</span> <span class='ocrx_word' id='word_1_154' title='bbox 383 3357 459 3430; x_wconf 90' lang='lat' dir='ltr'>filio</span> <span class='ocrx_word' id='word_1_155' title='bbox 493 3357 644 3432; x_wconf 89' lang='lat' dir='ltr'>Roberti</span> <span class='ocrx_word' id='word_1_156' title='bbox 678 3355 860 3452; x_wconf 89' lang='lat' dir='ltr'>quondam</span> <span class='ocrx_word' id='word_1_157' title='bbox 895 3356 1001 3451; x_wconf 80' lang='lat' dir='ltr'>regis,</span> <span class='ocrx_word' id='word_1_158' title='bbox 1030 3365 1066 3429; x_wconf 89' lang='lat' dir='ltr'>et</span> <span class='ocrx_word' id='word_1_159' title='bbox 1100 3367 1200 3433; x_wconf 87' lang='lat' dir='ltr'>ante.-</span> 
     </span>
     <span class='ocr_line' id='line_1_25' title="bbox 248 3473 1199 3574; baseline 0.003 -29"><span class='ocrx_word' id='word_1_160' title='bbox 248 3498 358 3568; x_wconf 91' lang='lat' dir='ltr'>quam</span> <span class='ocrx_word' id='word_1_161' title='bbox 387 3475 566 3546; x_wconf 89' lang='lat' dir='ltr'>exercitus</span> <span class='ocrx_word' id='word_1_162' title='bbox 596 3482 820 3547; x_wconf 87' lang='lat' dir='ltr'>armatorum</span> <span class='ocrx_word' id='word_1_163' title='bbox 849 3473 895 3546; x_wconf 91' lang='lat' dir='ltr'>ad</span> <span class='ocrx_word' id='word_1_164' title='bbox 923 3473 1027 3574; x_wconf 85' lang='lat' dir='ltr'>littus</span> <span class='ocrx_word' id='word_1_165' title='bbox 1056 3483 1199 3569; x_wconf 90' lang='lat' dir='ltr'>poterat</span> 
     </span>
     <span class='ocr_line' id='line_1_26' title="bbox 247 3585 1199 3675; baseline 0.002 -15"><span class='ocrx_word' id='word_1_166' title='bbox 247 3589 414 3662; x_wconf 86' lang='lat' dir='ltr'>incedere</span> <span class='ocrx_word' id='word_1_167' title='bbox 427 3589 602 3675; x_wconf 89' lang='lat' dir='ltr'>ordinate,</span> <span class='ocrx_word' id='word_1_168' title='bbox 617 3587 743 3660; x_wconf 89' lang='lat' dir='ltr'>multis</span> <span class='ocrx_word' id='word_1_169' title='bbox 759 3585 877 3665; x_wconf 84' lang='lat' dir='ltr'>Scotis</span> <span class='ocrx_word' id='word_1_170' title='bbox 890 3587 1100 3675; x_wconf 84' lang='lat' dir='ltr'>interfectis,</span> <span class='ocrx_word' id='word_1_171' title='bbox 1111 3614 1199 3662; x_wconf 86' lang='lat' dir='ltr'>vex-</span> 
     </span>
     <span class='ocr_line' id='line_1_27' title="bbox 248 3703 1199 3803; baseline 0.003 -25"><span class='ocrx_word' id='word_1_172' title='bbox 248 3706 310 3778; x_wconf 90' lang='lat' dir='ltr'>illa</span> <span class='ocrx_word' id='word_1_173' title='bbox 322 3705 490 3780; x_wconf 87' lang='lat' dir='ltr'>Edwardi</span> <span class='ocrx_word' id='word_1_174' title='bbox 503 3705 622 3776; x_wconf 87' lang='lat' dir='ltr'>Baliol</span> <span class='ocrx_word' id='word_1_175' title='bbox 634 3713 672 3776; x_wconf 89' lang='lat' dir='ltr'>et</span> <span class='ocrx_word' id='word_1_176' title='bbox 685 3704 840 3780; x_wconf 81' lang='lat' dir='ltr'>aliorum</span> <span class='ocrx_word' id='word_1_177' title='bbox 853 3703 1083 3777; x_wconf 88' lang='lat' dir='ltr'>dominorum</span> <span class='ocrx_word' id='word_1_178' title='bbox 1101 3709 1199 3803; x_wconf 89' lang='lat' dir='ltr'>paci-</span> 
     </span>
     <span class='ocr_line' id='line_1_28' title="bbox 247 3819 1198 3898; baseline 0.004 -4"><span class='ocrx_word' id='word_1_179' title='bbox 247 3823 315 3896; x_wconf 89' lang='lat' dir='ltr'>fice</span> <span class='ocrx_word' id='word_1_180' title='bbox 339 3832 425 3897; x_wconf 92' lang='lat' dir='ltr'>sunt</span> <span class='ocrx_word' id='word_1_181' title='bbox 449 3823 565 3895; x_wconf 85' lang='lat' dir='ltr'>affixa.</span> <span class='ocrx_word' id='word_1_182' title='bbox 620 3820 751 3893; x_wconf 90' lang='lat' dir='ltr'>Postea</span> <span class='ocrx_word' id='word_1_183' title='bbox 772 3844 859 3892; x_wconf 91' lang='lat' dir='ltr'>vero</span> <span class='ocrx_word' id='word_1_184' title='bbox 883 3819 941 3893; x_wconf 91' lang='lat' dir='ltr'>die</span> <span class='ocrx_word' id='word_1_185' title='bbox 964 3823 1080 3896; x_wconf 88' lang='lat' dir='ltr'>sancti</span> <span class='ocrx_word' id='word_1_186' title='bbox 1103 3823 1198 3898; x_wconf 91' lang='lat' dir='ltr'>Lau-</span> 
     </span>
     <span class='ocr_line' id='line_1_29' title="bbox 249 3936 1199 4036; baseline 0.002 -26"><span class='ocrx_word' id='word_1_187' title='bbox 249 3939 356 4012; x_wconf 91' lang='lat' dir='ltr'>rentii</span> <span class='ocrx_word' id='word_1_188' title='bbox 373 3939 472 4036; x_wconf 91' lang='lat' dir='ltr'>apud</span> <span class='ocrx_word' id='word_1_189' title='bbox 489 3937 709 4013; x_wconf 87' lang='lat' dir='ltr'>Glastimore</span> <span class='ocrx_word' id='word_1_190' title='bbox 726 3936 932 4010; x_wconf 84' lang='lat' dir='ltr'>habuerunt</span> <span class='ocrx_word' id='word_1_191' title='bbox 949 3961 1096 4032; x_wconf 84' lang='lat' dir='ltr'>gravem</span> <span class='ocrx_word' id='word_1_192' title='bbox 1113 3963 1199 4012; x_wconf 90' lang='lat' dir='ltr'>con-</span> 
     </span>
     <span class='ocr_line' id='line_1_30' title="bbox 248 4054 1200 4150; baseline 0 -22"><span class='ocrx_word' id='word_1_193' title='bbox 248 4055 401 4142; x_wconf 89' lang='lat' dir='ltr'>flictum,</span> <span class='ocrx_word' id='word_1_194' title='bbox 430 4057 494 4130; x_wconf 91' lang='lat' dir='ltr'>ubi</span> <span class='ocrx_word' id='word_1_195' title='bbox 524 4056 597 4128; x_wconf 91' lang='lat' dir='ltr'>duo</span> <span class='ocrx_word' id='word_1_196' title='bbox 627 4055 740 4128; x_wconf 87' lang='lat' dir='ltr'>miliia</span> <span class='ocrx_word' id='word_1_197' title='bbox 767 4054 1008 4150; x_wconf 87' lang='lat' dir='ltr'>Anglicorum</span> <span class='ocrx_word' id='word_1_198' title='bbox 1034 4055 1200 4128; x_wconf 90' lang='lat' dir='ltr'>vicerunt</span> 
     </span>
     <span class='ocr_line' id='line_1_31' title="bbox 244 4169 1202 4268; baseline 0.002 -25"><span class='ocrx_word' id='word_1_199' title='bbox 244 4174 298 4244; x_wconf 19' lang='lat'>*40</span> <span class='ocrx_word' id='word_1_200' title='bbox 321 4173 433 4246; x_wconf 85' lang='lat' dir='ltr'>miliia</span> <span class='ocrx_word' id='word_1_201' title='bbox 458 4172 665 4261; x_wconf 87' lang='lat' dir='ltr'>Scotorum,</span> <span class='ocrx_word' id='word_1_202' title='bbox 688 4196 763 4268; x_wconf 91' lang='lat' dir='ltr'>prae</span> <span class='ocrx_word' id='word_1_203' title='bbox 786 4169 1020 4244; x_wconf 88' lang='lat' dir='ltr'>multitudine</span> <span class='ocrx_word' id='word_1_204' title='bbox 1044 4179 1080 4242; x_wconf 91' lang='lat' dir='ltr'>et</span> <span class='ocrx_word' id='word_1_205' title='bbox 1102 4195 1202 4266; x_wconf 87' lang='lat' dir='ltr'>pres·</span> 
     </span>
    </p>
   </div>
   <div class='ocr_carea' id='block_1_3' title="bbox 249 4285 1200 4473">
    <p class='ocr_par' dir='ltr' id='par_1_3' title="bbox 249 4285 1200 4473">
     <span class='ocr_line' id='line_1_32' title="bbox 249 4285 1200 4387; baseline -0.002 -25"><span class='ocrx_word' id='word_1_206' title='bbox 249 4314 334 4364; x_wconf 89' lang='lat' dir='ltr'>sura</span> <span class='ocrx_word' id='word_1_207' title='bbox 359 4288 469 4365; x_wconf 91' lang='lat' dir='ltr'>etiam</span> <span class='ocrx_word' id='word_1_208' title='bbox 495 4313 533 4364; x_wconf 88' lang='lat' dir='ltr'>se</span> <span class='ocrx_word' id='word_1_209' title='bbox 559 4290 658 4387; x_wconf 87' lang='lat' dir='ltr'>ipsos</span> <span class='ocrx_word' id='word_1_210' title='bbox 684 4285 982 4385; x_wconf 88' lang='lat' dir='ltr'>opprimentium,</span> <span class='ocrx_word' id='word_1_211' title='bbox 1002 4285 1045 4358; x_wconf 87' lang='lat' dir='ltr'>de</span> <span class='ocrx_word' id='word_1_212' title='bbox 1068 4287 1200 4384; x_wconf 87' lang='lat' dir='ltr'>quibus</span> 
     </span>
     <span class='ocr_line' id='line_1_33' title="bbox 692 4405 760 4473; baseline 0 0"><span class='ocrx_word' id='word_1_213' title='bbox 692 4427 717 4473; x_wconf 81' lang='grc' dir='ltr'><strong>Η</strong></span> <span class='ocrx_word' id='word_1_214' title='bbox 737 4405 760 4473; x_wconf 82' lang='grc'>2</span> 
     </span>
    </p>
   </div>
   <div class='ocr_carea' id='block_1_4' title="bbox 0 0 1571 5008">
    <p class='ocr_par' dir='ltr' id='par_1_4' title="bbox 0 0 1571 5008">
     <span class='ocr_line' id='line_1_34' title="bbox 0 0 1571 5008; baseline 0 0"><span class='ocrx_word' id='word_1_215' title='bbox 0 0 1571 5008; x_wconf 95' lang='lat' dir='ltr'> </span> 
     </span>
    </p>
   </div>
  </div>
 </body>
</html>
