3118 5008
227 613 304 662 ΑΛ).
328 589 451 682 1340.]
481 614 527 662 nn
546 614 674 664 arnan
694 615 741 664 nn
761 613 1002 664 swmnaorm.
1111 593 1180 666 143

227 769 288 818 ma
304 747 546 820 committitur
564 747 642 820 sine
659 746 788 822 fictitio
811 747 939 842 ingens
963 755 999 818 et
1024 745 1181 818 terribile

227 873 264 936 et
287 859 414 936 navale
438 865 588 950 bellum,
607 865 712 960 quale
734 887 862 936 vecors
885 864 1008 936 videre
1032 887 1053 936 a
1075 865 1183 959 longe

227 1001 302 1050 non
319 961 448 1052 fuisset
464 1004 585 1053 ausus.
638 979 857 1076 Magnitudo
881 979 1030 1052 navium
1048 978 1181 1075 Hispa-

227 1095 297 1166 niae
319 1104 356 1168 et
379 1096 533 1168 altitudo
558 1099 693 1168 multos
717 1096 871 1169 cassavit
894 1097 988 1168 ictus
1010 1097 1182 1192 Anglico-

229 1236 325 1297 rum,
344 1211 407 1284 scd
424 1211 581 1284 finaliter
599 1211 750 1284 Gallicis
768 1212 931 1298 devictis,
950 1221 987 1284 et
1012 1224 1185 1286 evacuata

230 1327 349 1422 prima
365 1327 515 1400 navium
531 1327 693 1415 cohorte,
712 1327 893 1400 saiserunt
910 1327 1055 1423 Anglici
1072 1329 1182 1401 illam.

230 1442 1186 1540 NavesGallioorumsueruntconcatenatae,itaquod

210 1539 503 1657 'nonpoterant
529 1560 652 1633 divelli
677 1561 722 1632 ab
746 1561 915 1647 invicem,
939 1559 1036 1633 unde
1062 1561 1187 1656 paucis

233 1675 395 1773 Anglicis
413 1701 526 1750 unam
542 1685 682 1773 partem
696 1677 858 1751 cohortis
871 1685 1052 1750 evacuatae
1065 1685 1186 1751 custo-

235 1793 428 1879 dientibus,
440 1802 579 1867 caeterae
596 1818 707 1892 naves
724 1794 772 1867 ad
789 1793 985 1868 secundam
1002 1796 1188 1868 cohortem

233 1934 364 1982 manus
389 1910 611 1998 direxerunt,
641 1919 678 1984 et
706 1932 792 1984 cum
818 1935 949 2007 magna
976 1911 1188 1986 difficultate

194 2089 196 2092 .
235 2028 412 2102 dederunt
434 2030 625 2104 insultum.
678 2029 747 2103 Illa
769 2039 892 2104 tamen
914 2030 1055 2104 facilius
1079 2055 1188 2127 quam

234 2145 350 2241 prima
366 2146 483 2222 fuerat
501 2155 684 2236 evacuata,
699 2172 742 2220 eo
756 2149 854 2243 quod
872 2146 1017 2234 Gallici,
1037 2149 1189 2222 navibus
1296 2168 1301 2178 ¹

234 2263 381 2349 relictis,
409 2287 477 2359 pro
503 2287 636 2358 magna
666 2271 768 2358 parte
798 2263 909 2358 gratis
937 2265 1075 2360 seipsos
1104 2266 1191 2337 sub-

236 2364 451 2451 merserunt.
503 2377 658 2452 Devicta
685 2379 797 2473 igitur
823 2379 942 2473 prima
968 2388 1004 2450 et
1033 2383 1191 2452 secunda

236 2495 368 2567 turmis
406 2495 607 2580 navalibus,
643 2494 858 2590 crepusculo
892 2494 1011 2568 noetis
1044 2495 1190 2570 adveni-

238 2617 334 2693 ente,
363 2609 510 2704 Anglici
539 2617 689 2706 propter
719 2610 837 2682 noctis
867 2611 1126 2684 obscuritatem
1156 2620 1192 2684 et

239 2725 390 2798 nimiam
406 2725 660 2800 lassitudinem
677 2725 861 2822 quiescere
878 2725 1115 2801 decreverunt
1131 2753 1193 2802 us·

240 2865 311 2938 que
323 2866 449 2915 mane:
477 2841 590 2938 igitur
608 2842 652 2914 de
669 2850 777 2914 nocte
794 2842 943 2937 triginta
955 2865 1066 2914 naves
1078 2844 1193 2916 tertiae

240 2957 402 3031 cohortis
420 2957 650 3054 aufugerunt,
672 2967 710 3030 et
735 2981 808 3028 una
832 2980 965 3052 magna
987 2958 1091 3031 navis·
1112 2983 1192 3055 quae

239 3076 439 3148 vocabatur
455 3073 580 3147 James
607 3074 651 3146 de
676 3072 815 3169 Deope,
837 3073 954 3146 voluit
981 3097 1104 3148 secum
1129 3077 1192 3148 ab·

241 3192 388 3266 duxisse
417 3192 613 3288 quamdam
644 3215 775 3264 navem
810 3192 854 3265 de
883 3190 1084 3278 Sandwico‚
1114 3217 1193 3289 quae

241 3307 310 3381 fuit
333 3308 466 3380 Prioris
490 3307 650 3381 ecclesiae
668 3307 806 3380 Christi
825 3306 1110 3397 (lantoniensis,
1130 3313 1194 3383 sed

242 3423 319 3518 ejus
345 3433 467 3496 nautae
493 3447 578 3496 cum
604 3423 786 3519 adjutorio
813 3425 956 3497 comitis
981 3425 1195 3506 Huntindu·

242 3539 365 3610 nensis
387 3538 540 3610 viriliter
563 3563 601 3611 se
625 3537 875 3626 defenderunt,
895 3549 931 3616 et
956 3565 1083 3614 eorum
1109 3566 1195 3615 con-

242 3655 365 3728 flictus
391 3678 456 3750 per
482 3663 599 3731 totam
621 3663 769 3727 noctem
793 3655 948 3743 duravit,
974 3657 1014 3730 in
1039 3661 1198 3733 crastino

245 3773 401 3846 finaliter
414 3771 566 3844 devictis
579 3770 804 3846 Normannis
822 3772 1040 3851 invenerunt
1057 3777 1096 3849 in
1113 3778 1198 3850 navi

247 3899 352 3986 capta
385 3889 482 3962 ultra
517 3888 798 3984 quadringentos
837 3889 1003 3966 homines
1046 3895 1196 3968 occisos.

248 4005 411 4080 Ulterius
435 4005 493 4080 die
516 4005 688 4079 illucente
709 4015 747 4078 et
770 4007 917 4102 cognito
934 4011 1032 4104 quod
1049 4009 1199 4104 triginta

248 4145 358 4200 naves
379 4121 612 4217 aufugerunt,
629 4123 731 4197 misit
748 4122 918 4196 dominus
941 4147 1004 4195 rex
1022 4111 1072 4196 40
1089 4149 1199 4197 naves

249 4239 340 4313 bene
356 4239 515 4314 munitas
533 4239 580 4313 ad
595 4240 675 4313 illa-s
692 4239 943 4334 insequendas,
958 4239 1090 4335 quibus
1107 4264 1199 4335 prae-
