3136 5016
356 579 405 649 80
621 595 846 646 onnouroou
867 596 1050 644 oleorum
1108 573 1306 666 [nal326

354 725 456 798 banti
466 733 508 798 ut
519 723 736 796 sacrificium
748 721 902 795 dominae
912 723 1004 795 bene
1014 723 1190 820 placitum
1201 725 1308 796 obtu-

354 842 487 913 lerunt.
519 837 701 911 Intrantes
714 837 863 932 insuper
875 836 1006 910 turrim
1020 836 1218 909 Londoniae
1232 849 1309 908 om·-

355 980 419 1029 nes
440 955 683 1028 incarceratos·
700 953 912 1040 liberarunt,
931 962 968 1025 et
989 953 1041 1025 ita
1063 977 1130 1050 per
1150 954 1325 1027 edictum

354 1073 543 1170 publicum
560 1071 692 1168 reginae
705 1095 832 1144 omnes
848 1070 923 1144 fere
940 1071 1154 1143 incarcerati
1171 1096 1237 1168 per
1254 1080 1310 1143 to-

354 1188 609 1285 tamAngliam
620 1188 799 1261 dabantur
809 1186 980 1260 libertati.
1009 1185 1311 1283 Bannitiquoque

354 1313 388 1379 et
416 1305 561 1401 fugitivi
586 1304 668 1403 paci
691 1304 840 1378 fuerunt
865 1303 1037 1391 revocati,
1055 1289 1311 1400 utpraetensis
1398 1393 1401 1397 ¹

355 1423 513 1518 generali
521 1423 661 1520 pietate
674 1431 710 1495 et
724 1416 970 1494 misericordia
983 1420 1021 1492 in
1034 1420 1120 1494 novi
1133 1421 1239 1517 regis
1249 1446 1310 1495 ve-

355 1548 431 1612 tere
448 1539 601 1612 mitioris
613 1535 891 1611 'coronationem
908 1537 1036 1633 populi
1054 1538 1235 1633 cupiditas
1249 1564 1311 1611 ex-

356 1656 597 1727 candesceret.
620 1653 726 1726 Tunc
737 1661 916 1748 quotquot
927 1661 1030 1726 erant
1043 1652 1236 1727 facinorosi
1248 1665 1312 1728 aut

356 1772 701 1868 quomodocumque
719 1769 868 1842 obnoxii
884 1769 989 1864 regiae
1009 1768 1190 1863 majestati
1214 1771 1312 1867 apud
1348 1783 1353 1789 '

356 1887 519 1982 reginam
550 1886 691 1958 cunctis
719 1885 976 1981 imperantem,
1006 1909 1158 1958 summae
1188 1887 1311 1982 gratiae

267 2093 269 2095 ,
356 2003 590 2075 sublevamen
624 2001 776 2074 faciliter
810 2010 896 2074 sunt
929 2001 1154 2097 consequuti.
1205 2001 1311 2076 Tunc

356 2119 444 2213 regii
469 2117 627 2190 ministri
651 2141 716 2214 per
742 2125 862 2192 totum·
886 2140 1040 2213 regnum
1062 2117 1203 2191 confusi
1226 2129 1310 2192 sunt

356 2234 478 2330 regem
504 2233 690 2318 advocare,
715 2241 778 2306 aut
808 2257 846 2306 se
874 2233 968 2328 regis
994 2231 1187 2307 familiares
1216 2260 1309 2309 nun-

357 2374 512 2446 cupare3
540 2358 663 2423 tantus
689 2374 803 2447 pavor
833 2374 979 2445 gregem
1005 2351 1200 2446 perterruit
1226 2376 1309 2448 rege

357 2476 501 2563 pastore
535 2466 718 2564 percusso.
777 2465 916 2540 Omnes
950 2467 1040 2563 regii
1070 2466 1228 2540 ministri
1255 2493 1309 2540 re-

357 2585 449 2679 perti
492 2581 531 2656 in
573 2583 664 2657 turri
706 2582 905 2657 Londoniae
938 2608 1004 2682 per
1038 2583 1309 2657 Londonienses

357 2701 470 2773 amoti
497 2699 608 2787 suere,
638 2701 724 2774 novi
753 2725 897 2797 quoque
928 2701 1118 2773 constituti
1147 2701 1215 2784 sub
1244 2725 1309 2772 no-

357 2817 455 2889 mine
483 2816 621 2889 domini
638 2816 799 2889 -Joannis
826 2816 1034 2902 D'Eltham,
1063 2817 1166 2912 pueri
1195 2821 1217 2892 9
1246 2826 1309 2890 an·

357 2957 488 3005 norum
515 2933 581 3004 filii
608 2933 714 3026 regis,
742 2957 851 3027 quem
877 2933 1066 3004 custodem
1092 2919 1248 3006 civitatis
1274 2944 1311 3007 et

357 3048 468 3122 turris
501 3047 747 3120 nominarunt.
801 3048 886 3121 Fuit
921 3048 1018 3120 enim
1053 3050 1150 3144 apud
1184 3074 1310 3123 omnes

357 3165 451 3261 regis
475 3163 698 3237 adversarios
723 3165 863 3236 cautela
886 3163 1075 3258 generalis,
1103 3164 1212 3258 quod,
1240 3165 1310 3237 nisi

357 3281 504 3382 nomine
521 3279 675 3376 alicujus
692 3279 851 3352 filiorum
870 3303 1033 3364 sucrum,
1058 3281 1200 3352 nullum
1223 3281 1310 3354 faci-

357 3424 427 3473 nus
449 3401 621 3472 laesurum
643 3397 779 3494 regiam
801 3397 1028 3493 majestatem
1046 3396 1236 3486 ordiretur,
1253 3409 1309 3486 ut,

357 3518 389 3590 si
414 3517 564 3591 forsitan
583 3515 726 3612 justitia
750 3514 879 3610 regalis
902 3514 947 3586 ad
972 3514 1082 3587 libere
1105 3513 1311 3589 faciendum

358 3635 456 3728 quod
472 3635 581 3706 vellet
598 3633 637 3704 in
654 3629 766 3729 regno
784 3639 820 3704 et
837 3639 961 3728 posset
978 3631 1021 3703 de
1036 3631 1118 3727 jure
1134 3632 1226 3706 foret
1246 3633 1310 3705 ali-

358 3748 503 3846 quando
520 3750 745 3834 resuscitata,
763 3749 802 3821 in
819 3749 913 3821 filios
934 3773 1019 3821 suos
1041 3747 1207 3846 proprios
1229 3758 1309 3822 tan-

358 3888 467 3963 quam
490 3863 750 3937 demeritorum
773 3865 992 3962 principales
1017 3876 1182 3940 auctores
1200 3866 1309 3940 desae-

356 3981 460 4054 viret.
516 3977 577 4052 Sic
595 3978 808 4052 confusione
825 3979 879 4052 fas
897 3989 933 4053 et
950 3982 1050 4055 nefas
1068 3990 1154 4056 sunt
1171 3983 1307 4070 collisa,

356 4105 400 4170 ut
416 4121 542 4170 omnes
560 4118 720 4191 rapaces,
739 4103 776 4167 et
799 4093 1012 4186 homicidas,
1032 4107 1068 4171 et
1085 4100 1152 4172 sub
1169 4097 1309 4172 indiffe-

356 4215 472 4288 rentia
490 4235 739 4314 quoscumque
763 4210 998 4302 facinorosos
1023 4217 1167 4289 sceleris
1190 4217 1309 4314 impuss
