3136 5016
368 658 414 730 56
636 677 859 726 cusorucox
880 677 1064 726 sanarum
1122 656 1211 745 [ao.
1224 656 1319 725 1313

365 809 452 881 liam
477 806 617 903 jejunio
646 807 876 892 celebrantes,
904 814 942 877 et
969 829 1091 877 amore
1120 805 1246 901 patriae
1275 805 1319 877 li-

365 924 514 996 bertatis
531 922 617 994 licet
635 920 784 1016 injusto,
803 929 926 993 tamen
948 921 1022 993 acri
1044 930 1082 993 et
1103 922 1142 993 in
1164 931 1320 994 mortem

366 1049 492 1136 parato
526 1046 732 1110 aestuantes.
797 1036 841 1108 In
875 1038 1034 1110 crastino
1065 1036 1166 1110 Scoti
1200 1037 1319 1132 campi

365 1155 489 1227 locum
515 1141 839 1225 nacti‘victoribus
869 1153 1028 1225 maxime
1058 1161 1318 1250 opportunum,

367 1269 619 1342 subfodiebant
652 1269 699 1342 ad
731 1292 940 1341 mensuram
971 1269 1083 1342 trium
1111 1269 1247 1365 pedum
1280 1269 1319 1340 in

366 1385 590 1482 profundum
619 1393 657 1458 et
685 1385 732 1457 ad
760 1385 922 1479 ejusdem
951 1407 1131 1457 mensurae
1157 1384 1318 1457 latitudi-

363 1500 451 1576 'nem
477 1502 592 1576 fossas
619 1511 809 1600 protensas
836 1503 876 1573 in
901 1502 1054 1595 longum
1079 1525 1101 1572 a
1127 1500 1254 1572 dextro
1280 1500 1319 1572 in

367 1621 555 1693 sinistrum
572 1643 687 1692 cornu
704 1618 895 1704 exereitus,
914 1619 1116 1714 operientes
1133 1619 1212 1690 illas
1233 1643 1319 1691 cum

366 1736 482 1832 plexis
503 1733 690 1829 fragilibus
714 1757 760 1804 ex
781 1733 932 1828 virgulis
958 1742 996 1805 et
1019 1733 1217 1806 viminibus
1243 1734 1319 1806 sive

366 1853 538 1939 cratibus,
557 1850 595 1921 id
620 1859 677 1922 est
702 1851 868 1935 tudelae,
888 1850 1024 1945 cespite
1049 1859 1086 1922 et
1111 1848 1232 1922 herbis
1258 1874 1318 1922 su-

366 1968 567 2064 perstratis
607 1966 789 2062 peditibus
824 1966 971 2061 quidem
1011 1968 1146 2064 perviis
1189 1970 1319 2041 saltem

367 2084 522 2157 consciis
556 2084 718 2170 cautelae,
754 2083 817 2156 sed
851 2084 1016 2179 equitum
1050 2085 1212 2181 pondera
1244 2110 1319 2158 non

366 2187 528 2273 valentes
547 2199 707 2273 sufferre.

419 2317 623 2403 Scotorum,
651 2339 808 2412 quorum
833 2315 924 2388 nulli
956 2319 1051 2411 (rege
1077 2316 1169 2389 duce
1195 2316 1318 2413 prohi-

366 2435 486 2524 bente)
515 2433 570 2506 fas
605 2441 682 2506 erat
715 2456 850 2528 equum
883 2456 1088 2528 pugnacem
1115 2434 1317 2519 ascendere,

366 2551 528 2624 exercitu
550 2549 589 2622 in
609 2557 748 2622 turmas
765 2556 809 2620 ut
824 2548 956 2620 assolet
974 2547 1102 2634 diviso,
1121 2571 1196 2620 non
1212 2549 1318 2643 longe

366 2667 583 2764 apraedicta
604 2665 712 2752 fossa,
736 2665 832 2736 inter
853 2664 952 2758 ipsos
975 2672 1012 2734 et
1034 2663 1220 2759 Anglicos‚
1245 2687 1320 2735 non

367 2786 448 2858 dico
478 2785 602 2857 dolore
632 2781 696 2855 sed
726 2789 831 2853 caute
862 2779 1077 2874 excogitata,
1106 2781 1208 2852 stetit
1234 2780 1318 2852 soli-

366 2902 514 2974 dissime
541 2899 636 2972 acies
664 2897 831 2968 ordinata
843 2927 852 2982 ;
883 2920 929 2967 ex
956 2896 1107 2968 adverso
1134 2896 1318 2992 progrediss

366 3018 460 3090 entis
486 3017 531 3086 ab
557 3012 744 3086 occidente
770 3012 950 3084 exercitus
966 3011 1184 3107 Anglorum,
1210 3012 1317 3085 reful-

366 3133 415 3204 sit
431 3131 486 3203 sol
502 3129 621 3201 oriens
639 3127 679 3198 in
696 3134 820 3200 scutos
837 3150 965 3200 aureos
983 3138 1021 3200 et
1039 3131 1156 3224 galeas
1173 3128 1317 3225 politae,

366 3248 471 3343 cujus
499 3245 590 3318 radii
616 3243 792 3316 micantes
819 3255 987 3341 aspectus
1014 3256 1238 3319 armatorum
1263 3271 1318 3318 re-

366 3364 595 3436 verberantes
632 3359 832 3432 movissent
863 3362 1136 3456 magnanimum
1161 3363 1318 3434 Alexan-

368 3475 486 3564 drum,
505 3486 548 3550 ut
570 3475 641 3548 illis
663 3477 746 3549 loco
769 3486 806 3550 et
829 3477 886 3550 die
909 3478 969 3549 vel
991 3480 1118 3550 saltem
1138 3479 1228 3551 hora
1249 3479 1319 3550 diei

367 3618 604 3690 congressum
638 3594 896 3689 suspendisset,
928 3602 965 3665 et
998 3595 1084 3666 solis
1118 3595 1317 3681 meridiani,

366 3711 430 3806 qui
452 3710 579 3782 fuisset
601 3710 672 3781 illis
696 3708 833 3796 dexter,
856 3709 1037 3804 judicium
1059 3718 1317 3806 exspectasset,

367 3828 431 3900 sed
453 3826 547 3923 proh
570 3825 683 3912 dolor,
708 3826 914 3920 impetuosa
933 3825 1161 3898 cervicositas
1182 3826 1318 3922 Anglo-

367 3969 461 4029 rum,
489 3942 684 4037 suspendio
710 3942 902 4015 conflictus
928 3952 1084 4015 mortem
1109 3945 1318 4040 praeeligen-

366 4061 472 4146 tium‚
504 4057 632 4131 habuit
663 4057 703 4128 in
735 4056 855 4152 primd
889 4057 1056 4131 custodit
1088 4060 1317 4155 phalangem,

366 4174 568 4250 dextrarios
598 4181 635 4245 et
669 4195 814 4266 grossos
848 4174 1028 4246 cursorios
1063 4175 1317 4268 equitantium,

366 4317 457 4388 quos
487 4290 595 4365 latuit
623 4287 817 4362 Scotorum
845 4289 941 4362 fossa
970 4290 1221 4385 integumento
1248 4291 1318 4363 fra-
