3110 5026
260 634 334 682 ΑΛ).
353 611 476 703 1355.]
514 635 559 682 nn
579 635 705 683 anuas
725 636 772 684 ou
791 635 1031 685 swrnenonn.
1135 614 1203 684 231
1319 666 1326 672 -

257 759 343 833 mite
366 757 604 835 Suthfolchiae
629 771 667 835 et
692 762 825 836 comite
850 761 1061 836 Sarisburiae
1084 770 1121 834 et
1146 761 1210 835 do·

256 876 356 949 mino
391 877 436 950 de
471 877 630 964 Pomers,
661 878 725 974 qui
759 879 864 952 duxit
898 877 1112 951 Beruenses.
1167 876 1211 950 In

257 1001 334 1066 toto
358 994 520 1068 exercitu
543 995 664 1067 taliter
686 995 864 1082 ordinato,
883 994 1031 1068 filerunt
1047 995 1211 1068 virorum

256 1133 452 1196 armorum,
484 1111 711 1197 elericorum,
747 1113 995 1198 servientium,
1033 1111 1211 1206 sagittari-

257 1251 362 1300 orum
387 1235 424 1298 et
448 1226 672 1321 brigancium
699 1235 735 1300 et
760 1227 918 1314 bidners‚
942 1230 1040 1300 ultra
1065 1251 1212 1323 sexage-

258 1343 328 1415 sies
358 1342 457 1414 mille
482 1343 562 1429 viri,
592 1352 629 1415 et
658 1344 720 1416 illo
738 1344 806 1416 ·die
834 1343 982 1417 fuerunt
1007 1341 1212 1416 Janekiuus

257 1461 302 1533 de
336 1458 502 1533 Berefort
536 1470 573 1533 et
606 1461 668 1532 alii
697 1462 830 1534 milites
861 1461 1029 1547 ordinati,
1059 1469 1096 1534 et
1126 1460 1213 1532 villa

257 1575 408 1650 d'Arule
438 1595 524 1654 cum
554 1578 670 1651 tribus
701 1580 780 1652 aliis
810 1579 918 1667 villis,
950 1602 1106 1675 quorum
1136 1586 1214 1652 erat

257 1694 468 1791 capitaneus
511 1695 681 1769 dominus
715 1695 921 1769 Willelmus
956 1696 1001 1768 de
1036 1695 1212 1792 Reymon,

257 1811 354 1884 fideli
382 1811 537 1908 Anglico
567 1821 656 1887 tunc
686 1814 730 1886 de
760 1838 856 1888 novo
886 1813 1035 1887 filerunt
1064 1810 1214 1886 reddita

259 1927 404 1999 domino
430 1928 599 2025 principi,
623 1930 819 2026 inquibus
845 1931 1027 2004 exercitus
1053 1929 1214 2026 hospita-

258 2044 365 2116 batur
388 2052 423 2118 et
447 2044 558 2119 biduo
580 2047 715 2120 ibidem
741 2047 822 2144 ipso
847 2047 1120 2145 perendinante,
1139 2045 1216 2118 exi·

259 2169 366 2234 erunt
395 2163 458 2257 qui
491 2164 661 2236 volebant
694 2172 731 2236 et
765 2174 941 2260 ceperunt
972 2163 1146 2238 victualia
1179 2169 1216 2233 et

259 2275 407 2372 foragia,
432 2286 469 2349 et
495 2278 650 2372 patriam
676 2279 845 2352 hostilem
871 2281 1161 2363 combusserunt,
1179 2287 1216 2350 et

259 2393 310 2464 ita
336 2392 501 2466 secemnt
530 2394 744 2489 generaliter
770 2419 960 2490 quousque
987 2395 1216 2467 reverteban-

261 2517 321 2581 tur
354 2508 400 2581 ad
434 2517 566 2582 terram
596 2511 707 2606 pacis.
760 2510 830 2582 Die
859 2510 991 2584 Martis
1019 2509 1215 2607 hospitatis
1307 2505 1308 2508 ’

259 2626 299 2698 iu
325 2625 411 2700 villa
434 2627 479 2699 de
501 2626 711 2716 Montclari,
733 2636 894 2701 castrum
920 2627 991 2702 fuit
1017 2627 1214 2712 redditum,

261 2751 301 2815 et
325 2752 409 2839 post
434 2743 512 2817 haec
537 2745 670 2818 iterum
696 2745 744 2818 ad
767 2744 929 2818 Gallicos
953 2743 1134 2841 princepe,
1158 2766 1216 2816 ra-

260 2862 359 2935 tione
385 2863 478 2957 ignis
507 2864 570 2959 qui
596 2864 715 2958 erupit
741 2864 786 2935 de
810 2863 898 2935 villa
919 2872 957 2936 et
979 2862 1079 2935 illam
1103 2861 1219 2932 inore-

259 2978 385 3064 mavit,
415 2979 528 3051 exivit
555 2980 594 3051 in
624 3003 797 3076 campum
826 2989 864 3053 et
889 2979 1005 3076 jacuit
1032 2978 1071 3050 in
1098 2987 1216 3052 tento-

261 3090 336 3177 riis,
365 3092 491 3163 nolens
517 3099 652 3164 extunc
680 3093 719 3165 in
745 3093 841 3164 villis
868 3100 1082 3188 pernoctare
1107 3115 1217 3186 prop-

261 3217 317 3279 ter
347 3207 482 3280 similes
512 3207 661 3282 timores
695 3218 906 3296 nocturnos,
937 3216 974 3282 et
1003 3216 1047 3283 ut
1075 3231 1218 3305 semper

262 3333 356 3397 esset
386 3325 552 3398 hostibus
582 3334 751 3422 paratus:
788 3325 858 3398 isto
888 3325 946 3398 die
975 3325 1093 3400 tribus
1120 3325 1218 3398 villis

262 3441 399 3513 invasis
424 3450 462 3514 et
485 3441 655 3528 incensio,
679 3440 766 3514 sacti
787 3440 937 3514 suerunt
958 3441 1091 3514 milites
1116 3440 1218 3512 Gilo·

262 3566 323 3629 tus
347 3556 391 3628 de
415 3555 602 3630 Strattone
627 3566 664 3630 et
689 3557 837 3652 quidam
863 3558 935 3630 alii.
988 3557 1082 3633 Item
1105 3556 1218 3630 Joan-

138 3737 142 3746 .
262 3695 327 3745 nes
371 3672 415 3744 de
458 3669 594 3759 Insula,
631 3673 677 3744 ad
714 3672 933 3747 fortalicium
967 3673 1012 3746 de
1046 3672 1219 3769 Astangis

262 3814 348 3863 cum
374 3789 538 3886 quarello
564 3789 759 3876 sauciatus,
779 3791 869 3864 obiit
895 3791 956 3863 die
983 3790 1148 3887 sequenti
1174 3789 1221 3861 ad

263 3932 431 4004 magnam
454 3907 633 3981 exercitus
659 3907 909 3981 delectionem.
959 3907 1098 3981 Diebus
1118 3907 1219 3979 Mer-

263 4026 354 4098 curii
388 4035 424 4099 et
453 4024 558 4100 Jovis
592 4026 888 4122 perendinamnt,
917 4034 954 4098 et
981 4024 1039 4097 die
1065 4021 1219 4097 Veneris

263 4165 385 4213 coram
407 4142 493 4216 villa
515 4142 601 4216 sorti
625 4143 669 4216 de
693 4142 861 4239 Logeron
887 4141 926 4215 in
950 4140 1117 4214 tentoriis
1140 4165 1219 4214 mo-

263 4256 446 4330 rabantur.
501 4258 660 4333 Sabbata
676 4268 855 4333 venerunt
878 4259 926 4332 ad
946 4257 1131 4345 Plasence,
1149 4257 1218 4332 vil-
