3118 5008
374 622 442 692 122
541 643 545 670 ⁵
618 643 1049 693 11111111111111111
1107 624 1199 716 [11.
1213 626 1321 698 1333

369 771 407 842 111
434 780 501 856 111,
530 770 638 843 ditior
665 771 817 844 ecclesia
841 771 922 844 fult.
976 770 1084 844 Hanc
1115 774 1322 847 translatio-

369 912 453 960 nem
480 887 671 985 Philippus
705 888 751 961 de
780 887 927 961 Valesio
961 889 1116 985 pseudo·
1118 913 1183 962 rex
1210 889 1323 963 Fran-

369 1005 433 1077 ciae
450 1004 670 1100 procuravit,
689 1014 726 1076 et
747 1029 814 1100 pro
838 1004 901 1077 illa
918 1028 1002 1077 suas
1027 1029 1170 1104 preces
1177 1030 1322 1080 summo

368 1131 459 1218 pont
444 1121 534 1194 tifici
556 1113 825 1218 multiplicavit,
851 1121 914 1194 sed
939 1122 1040 1194 illam
1063 1122 1233 1196 dominus
1259 1147 1323 1196 rex

368 1239 509 1334 Angliae
520 1238 583 1311 dtu
591 1238 645 1312 drs
648 1238 732 1311 uht
742 1246 942 1335 acceptare
952 1262 1142 1335 imponens
1151 1263 1322 1337 episcopo

365 1357 442 1452 jam
464 1357 535 1429 alia
555 1357 675 1430 vicet
659 1357 846 1443 t‚ranslato
866 1355 964 1451 quod
980 1380 1047 1452 pro
1066 1365 1230 1453 tempore
1248 1381 1323 1430 suae

367 1471 558 1570 legationis
581 1474 628 1546 ad
653 1498 775 1570 regem
791 1472 1028 1560 Francorum,
1047 1481 1125 1546 erat
1141 1474 1238 1546 enim
1254 1475 1322 1548 iste

368 1593 520 1665 nuntius
537 1592 643 1686 regis,
662 1615 695 1662 er
685 1591 795 1686 plus
812 1589 950 1685 placuit
967 1613 1078 1685 quam
1093 1589 1210 1664 fidelis
1229 1615 1322 1663 nun-

368 1708 441 1781 tius
463 1709 583 1804 potuit
606 1708 645 1779 in
662 1707 725 1779 illo
748 1730 846 1794 casu,
865 1715 902 1779 et
928 1707 974 1779 ob
1000 1706 1070 1780 hoc
1096 1716 1206 1804 negot
1207 1707 1242 1779 11
1191 1709 1322 1781 t-do

368 1825 459 1898 mini
476 1825 533 1896 sui
550 1825 643 1919 regis
663 1824 866 1919 Anglorum
882 1823 1062 1897 inutiliter
1078 1832 1115 1896 et
1131 1822 1220 1896 false
1238 1848 1321 1921 pro-

368 1942 520 2026 curavit,
539 1952 575 2013 et
596 1941 688 2013 illud
710 1939 821 2012 luisse
844 1964 992 2013 causam
1017 1941 1139 2072 gratiae
1165 1941 1321 2014 inventae

367 2059 405 2129 in
431 2066 630 2153 conspectu
659 2057 823 2154 praedicti
851 2058 1007 2153 pseudo·
993 2057 1116 2153 regis,
1144 2057 1207 2153 qui
1235 2058 1322 2132 alias

369 2197 560 2306 nunquam·
586 2185 748 2247 curasset
778 2174 822 2247 de
852 2175 1094 2270 promotione
1110 2175 1220 2249 unius
1245 2174 1322 2247 An-

369 2291 465 2386 gliti,
501 2292 564 2387 qui
601 2315 788 2388 nunquam
821 2291 996 2387 Anglioos
1031 2291 1169 2378 dilexit,
1206 2316 1323 2388 neque

368 2418 473 2505 pater
498 2433 598 2496 suus,
625 2418 669 2482 ut
694 2434 804 2506 supra
829 2409 981 2506 patuit,
989 2418 1025 2482 et
1050 2409 1144 2482 infra
1170 2409 1320 2504 patebit

368 2527 575 2623 Allegavit
566 2537 700 2600 lterum
725 2535 887 2599 contrat
872 2527 1101 2614 translatum,
1121 2527 1220 2622 quod
1239 2550 1322 2622 pro

368 2653 490 2718 motus
516 2644 610 2740 regis
628 2643 852 2716 Francorum
877 2642 1030 2716 faciliter
1051 2651 1323 2716 converteretur

368 2761 406 2836 in
420 2784 477 2834 sur
467 2760 736 2856 proditionem
747 2784 816 2856 pro
830 2784 896 2832 suo
910 2767 1129 2856 promotore,
1144 2759 1207 2854 qui
1220 2783 1322 2831 coro-

367 2902 453 2952 nam
478 2877 673 2951 Franciae
661 2901 741 2974 Jure
768 2876 969 2950 hereditivo
993 2875 1061 2948 sibi
1089 2875 1187 2948 debit
1172 2884 1259 2963 t,am
1287 2885 1323 2950 et

367 2994 634 3091 possessionem
657 3018 705 3088 pa
705 3000 804 3065 trum
826 2992 865 3064 11
890 2990 1073 3065 Gasconia
1097 3000 1224 3066 contra
1246 2991 1323 3122 jus

368 3111 489 3186 titiam
514 3107 583 3183 Dei
610 3119 646 3183 11
671 3110 864 3182 hominum
889 3108 980 3182 falso
1007 3109 1163 3182 detinuit
1186 3118 1223 3182 et
1245 3109 1341 3180 vio-

367 3228 495 3312 lenter,
510 3249 577 3298 nec
595 3227 734 3299 ratione
747 3227 856 3299 euriae
869 3226 1123 3300 Romanaet
1057 3252 1105 3322 po
1108 3226 1193 3300 terit
1206 3235 1323 3298 trans-

367 3344 420 3416 lat
405 3351 464 3415 tus
492 3343 567 3438 regi
594 3343 749 3440 placere,
778 3342 874 3439 quia,
901 3342 996 3415 sicut
1021 3343 1090 3417 fuit
1116 3345 1324 3439 allegat‚um

368 3459 538 3532 dominus
555 3483 619 3532 rex
636 3458 777 3554 Angliae
800 3459 946 3556 scripsit
964 3459 1112 3533 domino
1134 3483 1238 3557 papae
1255 3483 1323 3556 pro

367 3598 442 3647 uuo
460 3575 530 3648 alio
548 3576 679 3649 clerico
697 3601 763 3649 suo
782 3576 828 3649 ad
845 3576 950 3649 illum
968 3576 1220 3672 episcopatum
1237 3599 1323 3670 pro-

366 3692 559 3780 movendo,
580 3694 812 3790 impatienter
837 3692 955 3766 ferens
982 3692 1077 3788 regis
1100 3692 1325 3765 Francorum

366 3809 559 3904 petitiones
577 3810 750 3883 attentius
769 3833 878 3905 quam
905 3833 991 3884 suas
1010 3806 1088 3880 de
1079 3805 1168 3901 1psis
1194 3805 1232 3875 in
1256 3828 1324 3879 suo

367 3948 481 4020 regno
499 3925 663 3997 creandis
681 3924 855 3999 exaudiri.
908 3923 978 3996 His
1004 3922 1049 3994 de
1073 3919 1191 3994 causis
1209 3919 1325 3994 domi-

368 4067 437 4116 nus
454 4067 519 4116 rex
541 4041 714 4139 praecepit
737 4039 930 4119 confiscari
952 4037 1166 4134 temporalia
1184 4037 1323 4134 episco-

368 4169 476 4256 patus
500 4145 711 4247 Wintomae,
731 4181 811 4254 quae
836 4164 960 4228 tamen
985 4156 1044 4229 die
1061 4155 1217 4229 Veneris
1240 4161 1325 4251 post

370 4277 640 4352 Exaltationem
657 4284 790 4351 sanctae
804 4273 933 4348 Crucis
950 4273 1120 4372 proximo
1139 4278 1324 4369 sequente,
