3120 5008
400 613 472 685 168
597 645 601 652 ·
653 635 1085 687 cnaourcoxaxnrxrm
1136 616 1230 706 [xm.
1245 611 1352 687 1346,

395 765 470 838 suis
493 765 696 853 accidisset,
714 764 887 862 Anglicos
902 764 978 860 jam
995 773 1127 861 quartu
1144 765 1351 863 pompatice

393 882 649 970 exclamantes,
679 882 861 956 decimum
889 881 1086 978 septimum
1114 905 1351 978 congressum

392 995 563 1071 inierunt.
599 998 744 1095 Anglici
762 1023 807 1071 ex
824 998 976 1071 adverso
993 999 1159 1094 quamvis
1176 999 1349 1073 hesterno

391 1113 514 1186 labore
547 1113 645 1201 sessi,
679 1123 840 1186 attamen
874 1112 1026 1186 viriliter
1055 1112 1280 1200 restiterunt,
1312 1121 1348 1186 et

392 1239 476 1325 post
499 1254 581 1305 acre
600 1253 846 1327 magnumque
863 1237 1058 1317 certamen,
1082 1229 1206 1308 hostes
1230 1230 1269 1302 in
1292 1229 1347 1303 fu·

391 1369 473 1441 gam
503 1350 771 1444 compulerunt,
800 1355 909 1442 atque
938 1345 1120 1442 fugientes
1150 1345 1346 1442 insequuti,

390 1463 429 1534 in
446 1463 525 1562 ipsa
543 1466 733 1538 venatione
751 1473 788 1536 et
805 1486 826 1535 a
842 1462 1022 1560 principio
1040 1463 1137 1536 illius
1154 1463 1348 1536 conflictus

390 1588 446 1651 ter
479 1581 577 1654 mille
612 1582 710 1655 viros
741 1578 965 1667 occiderunt,
996 1579 1180 1676 praedictis
1209 1581 1348 1654 scilicet

390 1696 517 1771 diebus
543 1699 692 1772 sabbato
716 1708 753 1772 et
775 1697 834 1771 die
859 1693 1066 1770 Dominicm
1119 1696 1283 1770 Fuerunt
1308 1699 1346 1770 in

389 1815 513 1910 praelio
535 1816 579 1888 de
601 1814 722 1890 Cressi
747 1814 902 1913 peremti
924 1839 989 1887 rex
1011 1812 1207 1902 Bchemiae,
1230 1814 1346 1888 archi-

389 1931 581 2026 episcopus
603 1933 648 2004 de
670 1932 865 2019 Auxinius,
888 1930 1082 2027 episcopus
1105 1930 1149 2003 de
1171 1930 1344 2028 Noyoun,

390 2046 465 2149 dux
488 2047 743 2145 lotharingiae,
762 2073 885 2121 comes
909 2048 1164 2134 d’Alensount,
1183 2059 1220 2122 et
1236 2049 1343 2122 frater

390 2163 467 2257 ejus
495 2163 685 2261 Philippus
703 2173 838 2237 'comes
868 2166 914 2237 de
940 2165 1177 2238 Harecowrot
1205 2175 1242 2238 et
1272 2167 1344 2239 duo

389 2278 454 2352 filii
480 2281 654 2376 ejusdem,
683 2306 804 2355 comes
830 2279 993 2357 Darsour
1018 2283 1076 2356 vel
1104 2281 1256 2370 Danser,
1284 2308 1343 2356 co·

389 2421 465 2470 mes
492 2398 711 2487 d’Aumarle,
736 2424 857 2473 comes
884 2399 928 2472 de
956 2399 1125 2487 Samuus,
1150 2424 1273 2474 comes
1299 2402 1342 2474 de

307 2601 312 2606 f
388 2513 512 2611 Bloys,
531 2540 655 2590 comes
676 2517 865 2604 Flandriae,
884 2541 1006 2589 comes
1024 2517 1068 2618 de
1086 2516 1340 2606 Mocnbiliard,

388 2653 510 2704 comes
550 2631 595 2704 de
624 2632 787 2718 Naimer,
824 2657 946 2705 comes
976 2633 1022 2706 de
1058 2632 1271 2730 Grantpres,
1307 2646 1342 2708 et

387 2745 448 2820 alii
491 2748 654 2835 comites
690 2759 732 2822 ut
771 2749 970 2836 dicebatur,
1009 2750 1215 2844 Teutonici,
1253 2777 1342 2847 quo-

388 2887 469 2936 rum
495 2865 644 2938 nomina
670 2867 817 2939 suerunt
843 2866 977 2961 ignota.
1031 2866 1200 2940 Aliorum
1225 2868 1338 2941 domi-

388 3004 519 3055 norum
544 2983 692 3057 suerunt
714 2983 827 3057 occisi
849 2983 1019 3057 dominus
1045 2982 1229 3058 Rcbertus
1254 2983 1341 3057 Ber·
1406 2999 1411 3006 ’

387 3107 480 3169 tram
506 3102 740 3173 marescallus
766 3100 959 3187 exercitae,
982 3100 1151 3174 dominus
1177 3101 1222 3173 de
1248 3100 1340 3176 Ros·

388 3215 627 3311 sengburghe,
672 3217 854 3290 maximus
898 3218 942 3290 de
980 3215 1140 3291 ¹concilio
1184 3219 1338 3314 tyranni,

386 3329 486 3424 prior
527 3329 758 3426 provincialis
794 3332 955 3406 Franciae
992 3333 1182 3431 hospitalis
1225 3335 1339 3407 sancti
1379 3396 1417 3415 ,a

314 3451 317 3458 ⁴
385 3444 577 3534 Johannis,
621 3443 731 3520 abbas
780 3450 824 3522 de
874 3450 1041 3537 Corbele,
1082 3451 1251 3524 dominus
1295 3454 1339 3526 de

292 3639 296 3644 ,
384 3561 536 3651 Morele,
565 3565 734 3640 dominus
765 3568 809 3640 de
837 3566 973 3664 Cayen,
1002 3569 1170 3644 dominus
1200 3570 1245 3642 de
1277 3570 1339 3644 Se-

384 3689 556 3769 venaunt,
584 3691 620 3756 et
649 3685 771 3780 plures
800 3684 873 3771 alii,
901 3708 992 3781 quos
1020 3683 1150 3758 Gallici
1178 3686 1276 3783 capti
1303 3697 1339 3761 et

383 3796 547 3892 inquisiti
577 3800 785 3874 nescierunt
812 3802 1010 3874 nominare.
1065 3801 1217 3876 Summa
1243 3803 1339 3876 viro-

384 3939 466 3987 rum
491 3917 703 3991 militarium
726 3931 763 3992 et
786 3917 981 4016 superioris
1006 3918 1191 4015 dignitatis
1214 3921 1253 3993 in
1276 3922 1339 3995 illo

383 4032 478 4104 bello
505 4043 754 4129 peremtorum
784 4035 937 4108 excedat
959 4046 1127 4131 vquatuor
1161 4037 1338 4124 milliaria,

383 4149 470 4222 alias
488 4175 544 4222 res
562 4151 612 4223 ibi
630 4151 674 4223 de
692 4153 820 4224 occisis
838 4177 946 4226 nemo
969 4154 1111 4227 curavit
1134 4179 1336 4227 numerare.

351 4367 353 4370 Ι
384 4264 479 4339 Istos
509 4291 701 4362 generosos
732 4269 888 4342 detraxit
924 4269 962 4342 in
998 4270 1138 4344 cladem
1174 4271 1340 4368 ipsorum
