3136 5016
484 686 528 735 un
549 687 676 752 annes
696 687 742 736 ur
763 684 999 735 swruusorm.
1168 668 1215 738 23

263 803 377 908 qu'um
394 812 544 890 sedisset
564 812 605 884 ll
628 813 733 888 anuis
757 821 793 886 et
815 817 839 884 4
863 813 1061 900 mensibus,
1080 823 1215 912 marty·

262 930 316 1002 rio
342 939 397 1002 est
423 939 627 1004 coronatus.
682 931 733 1002 Et
758 931 885 1003 beatus
911 930 1040 1003 Petrus
1067 930 1215 1005 Cletum

262 1047 418 1141 elegerat
443 1047 481 1119 in
507 1070 657 1142 papam,¹
670 1055 793 1120 tamen
815 1046 892 1142 ipse
915 1045 1050 1119 Linum
1074 1047 1214 1121 61016-

262 1172 424 1236 mentem
462 1173 545 1236 ante
586 1164 709 1260 ipsum
747 1163 959 1259 pontificare
993 1165 1214 1260 coegit-
1268 1191 1276 1198 ·

266 1279 373 1353 1276.

312 1393 409 1466 An.
429 1396 489 1466 82.
515 1392 685 1470 ¹Sanctus
716 1391 843 1465 Clctus
874 1392 1000 1465 Romae
1033 1395 1213 1489 apostola-

261 1519 343 1581 tum
359 1511 510 1606 aceepit,
529 1518 565 1582 et
587 1512 635 1582 21-
657 1507 887 1605 presbyteros
913 1508 1046 1581 ibidem
1068 1509 1212 1583 ordina-

259 1627 324 1714 vit,
344 1637 381 1699 et
399 1652 514 1723 quum
533 1627 684 1700 sedisset
707 1628 756 1698 20
779 1625 895 1711 annis,
918 1627 1091 1721 martyrio
1110 1651 1212 1701 eoro-

261 1751 441 1816 natusest
647 1742 754 1814 1265.

309 1859 405 1932 ΑΒ.
443 1863 503 1936 93.
557 1860 692 1934 Beatus
728 1859 898 1946 Clemens
932 1868 1082 1955 quartus
1116 1883 1212 1956 pape

261 1975 385 2050 Rumae
410 1979 655 2074 apostolatum
682 1977 853 2074 suscepit,
879 1986 915 2050 et
941 2000 1055 2072 quum
1078 1976 1212 2050 ibidem

261 2093 411 2166 sedisset
430 2097 451 2169 9
471 2095 586 2182 annis,
600 2095 775 2190 martyrio
792 2102 848 2166 est
866 2101 1212 2167 coronatus---
1269 2085 1271 2097 ’

266 2211 371 2281 1254.

310 2324 406 2398 nl).
428 2324 486 2401 97.
522 2326 710 2400 lohannes
740 2326 961 2422 evangelista
990 2326 1029 2397 in
1056 2325 1211 2398 Patmon

259 2439 415 2514 insulam
433 2443 500 2514 sub
518 2441 729 2515 Domitiano
747 2443 938 2536 relegatur.
978 2441 1027 2513 Et
1043 2441 1212 2536 proximo

260 2581 355 2630 anno
382 2559 426 2631 de
452 2559 559 2631 exilio
585 2558 632 2630 ad
656 2556 844 2652 Ephesum
865 2555 1210 2630 revertitur*-

265 2675 405 2861 mirol).
437 2787 517 2863 117.
557 2788 698 2862 Beatus
732 2788 920 2862 Johauncs
954 2785 1141 2884 apostolus
1176 2797 1213 2861 et

147 2992 151 2998 ¹
259 2907 481 3002 evangelista
510 2930 531 2979 a
560 2905 720 2979 Domino
750 2905 797 2978 ad
827 2907 973 2978 coeleste
1004 2905 1212 2978 convivium

259 3023 445 3112 invitatus,
464 3025 503 3096 in
520 3048 609 3121 pace
627 3022 805 3120 requievit
1010 3023 1117 3094 1230.

309 3137 403 3212 A.D.
428 3139 508 3211 165.
545 3139 722 3212 Anicetus
748 3162 843 3236 papa
869 3139 997 3212 statuit
1022 3147 1065 3210 ut
1090 3138 1211 3214 cleriei

264 3257 360 3348 [nec]
380 3280 522 3328 comam
539 3255 753 3343 innutriunt,
774 3279 840 3327 nec
855 3256 1016 3342 barbam,
1036 3255 1100 3329 sed
1113 3256 1211 3350 quud

222 3460 227 3468 Ι
260 3395 384 3444 omncs
402 3372 559 3444 habeant
577 3395 728 3444 coronas
750 3371 796 3444 ad
817 3372 969 3445 modum
985 3371 1135 3468 sphaerae
1153 3396 1210 3444 ro-

260 3488 703 3560 tendas—*1182

309 3602 404 3675 AD.
423 3607 507 3675 245.
553 3603 744 3699 Philippus
778 3605 873 3675 42us
907 3603 1105 3698 imperator
1135 3615 1211 3677 erat

258 3719 398 3816 primus
420 3720 616 3816 imperator
640 3718 882 3805 Christianus,
906 3720 1055 3792 abesto
1079 3720 1210 3796 Pontio

258 3844 415 3933 martyre
431 3836 648 3932 baptizatus.
698 3833 868 3931 Origines
885 3835 1009 3908 floruit

263 3954 277 4021 l
362 4009 368 4023 .

288 3953 403 4138 liiiD.
424 4067 509 4139 262.
554 4067 690 4140 Beatus
717 4064 842 4138 Sixtus
872 4065 998 4138 Romae
1028 4066 1208 4159 apostola-

256 4191 338 4255 tum
361 4184 532 4279 suscepit,
551 4183 614 4256 ubi
638 4208 751 4278 quum
775 4181 926 4254 sedisset
947 4181 1021 4254 fere
1044 4182 1067 4249 3
1092 4179 1207 4265 annis,

259 4321 343 4374 cum
361 4300 495 4373 sanetis
512 4299 734 4374 Felicissimo
753 4307 789 4370 et
806 4296 985 4392 Agapeto,
1009 4295 1114 4389 jussu
1138 4293 1210 4366 De·
1328 4387 1332 4397 ι
