3136 5016
258 660 465 751 satana]
512 683 556 732 nn
577 683 704 732 sunna
724 684 771 732 nn
792 611 1036 734 swruaaorrn,
1159 665 1207 735 85

254 808 352 904 pales
378 809 514 905 negotii
539 809 719 883 tractandi
745 809 893 883 fuerunt
920 811 1032 898 missi,
1051 835 1208 907 quorum

255 925 475 1010 comitivam,
494 925 681 998 adhaerens
707 926 881 1023 praedicto
907 928 1077 1022 episcopo
1101 925 1207 998 Win-

255 1040 374 1125 toniae,
392 1039 452 1110 Tu
478 1063 672 1112 onunaosu
697 1065 814 1114 Minus
837 1043 901 1137 qui
924 1042 1001 1114 haec
1024 1042 1149 1116 vidisti
1171 1053 1208 1115 et

253 1155 293 1226 in
311 1153 453 1227 Gallico
470 1155 659 1253 scripsisti,
679 1157 783 1252 cujus
804 1181 871 1252 ego
892 1181 972 1230 sum
989 1159 1073 1230 talis
1083 1159 1207 1254 'qualis

253 1270 444 1365 interpres„
461 1293 506 1340 ru
525 1294 616 1342 nico
634 1295 789 1342 nonnus
808 1273 958 1344 Trione
975 1272 1206 1359 Dunnuoen,

253 1395 318 1457 tua
335 1385 491 1480 sapienti
503 1394 540 1456 et
552 1386 678 1459 inclita
693 1389 885 1483 praesentia
897 1389 1085 1460 decorasti.
1113 1388 1207 1459 Prae-

252 1510 441 1574 cesserunt
468 1509 617 1574 caeteros
642 1503 845 1576 itinerando
872 1504 1035 1599 episcopi
1061 1503 1207 1577 Winto-

253 1615 322 1686 niae
344 1623 381 1687 et
402 1613 614 1703 Lincolniae,
634 1616 810 1689 secretius
826 1617 1051 1712 alloquentes
1073 1641 1217 1713 regem,

252 1754 435 1803 unacum
460 1732 612 1805 custode
638 1756 717 1818 suo,
745 1733 878 1805 comite
903 1732 1133 1820 leicestriae,
1152 1734 1207 1831 ip-

254 1870 334 1930 sum
358 1848 555 1934 inducturi,
577 1857 620 1921 ut
646 1873 713 1921 suo
739 1850 983 1945 primogenito
1008 1851 1208 1946 resignaret

254 1988 436 2037 eoronam.
489 1964 622 2037 Astute
648 1965 736 2038 satis
766 1965 827 2038 isti
856 1975 929 2039 tres
960 1966 1208 2039 circumvene-

252 2090 339 2153 runt
364 2105 497 2176 regem,
525 2081 780 2176 promittentes
807 2082 876 2155 sibi
903 2107 979 2155 non
1004 2083 1208 2178 parciorem

254 2195 429 2269 honorem
445 2206 529 2292 post
546 2197 666 2270 oneris
684 2197 960 2292 depositionem,
976 2223 1084 2293 quam
1101 2208 1208 2271 antea

251 2312 392 2385 solebat
405 2312 450 2384 ab
465 2313 633 2386 omnibus
647 2312 779 2385 habere
796 2314 894 2407 regia
911 2313 1100 2386 celsitudo.
1128 2313 1206 2385 Ad·

248 2430 424 2524 jiciebant
440 2454 584 2525 quoque
601 2428 845 2501 adulterantes
862 2430 1014 2502 verbum
1031 2430 1207 2515 veritatiS,

253 2546 381 2642 quanti
398 2545 491 2617 soret
508 2546 628 2617 meriti
645 2545 744 2640 apud
759 2544 880 2618 Deum
897 2570 964 2641 pro
978 2546 1208 2619 subditorum

252 2687 355 2759 pace,
374 2686 484 2758 quam
507 2686 549 2734 ea
572 2663 649 2734 sola
670 2662 728 2732 via
751 2663 978 2756 spondebant
999 2662 1206 2749 affuturam,

251 2802 406 2874 regnum
422 2801 591 2875 respuere
612 2778 823 2871 temporale,
848 2777 886 2848 in
910 2777 981 2849 hoc
1004 2800 1075 2849 non
1101 2778 1208 2850 indu-

244 2895 409 2967 bitanter
438 2919 524 2967 cum
553 2892 667 2990 Caysa
695 2894 870 2996 pontifice
897 2892 1091 2989 pontifices
1121 2918 1206 2990 pro-

251 3003 457 3107 phetantes,
483 3036 529 3084 ex
554 3011 624 3083 alia
648 3020 752 3107 parte
778 3011 847 3083 sibi
875 3011 1205 3097 comminabantur,

251 3128 350 3223 quod
387 3128 458 3200 nisi
496 3127 708 3223 resignaret,
742 3128 902 3222 populus
938 3127 1006 3198 sibi
1041 3127 1207 3199 abdicato

251 3244 393 3322 reddito
414 3243 582 3338 homagio
605 3252 642 3316 et
663 3241 849 3328 fidelitate,
866 3242 951 3314 filiis
969 3266 1113 3338 quoque
1131 3242 1207 3316 suis

252 3360 449 3456 repudiatis
465 3359 580 3433 alium
601 3359 640 3430 in
663 3382 786 3454 regem
803 3360 1015 3445 exaltarent,
1035 3359 1208 3453 quamde

252 3475 426 3571 sanguine
443 3475 565 3572 regali.
618 3473 704 3546 Istis
728 3482 766 3545 et
787 3473 866 3545 aliis
887 3472 1105 3567 importunis
1122 3496 1207 3568 pro-

251 3593 372 3665 missis
389 3601 498 3686 atque
514 3591 622 3662 minis
643 3589 817 3661 inflexum
839 3588 1044 3685 piissimum
1064 3613 1128 3661 eor
1152 3613 1208 3661 re-

252 3710 342 3804 gale,
370 3732 446 3780 non
470 3707 548 3779 sine
574 3705 806 3799 singultibus,
832 3705 1001 3790 lacrimis,
1027 3713 1064 3776 et
1090 3706 1208 3800 suspi-

251 3825 324 3910 riis,
353 3823 501 3896 monitis
528 3822 782 3919 episcoporum
808 3820 1077 3906 condescendit,
1104 3845 1208 3917 para-

252 3941 325 4014 tior
352 3964 419 4036 pro
447 3937 596 4011 Christo
625 3936 739 4010 vitam
768 3936 886 4023 finire,
915 3961 1027 4033 quam
1057 3960 1208 4009 suorum

253 4057 411 4130 filiorum
428 4054 766 4141 exhaeredationem,
785 4047 849 4128 aut
871 4054 975 4149 regni
998 4052 1209 4124 diuturnam

252 4173 561 4269 perturbationem
582 4172 697 4244 oculis
718 4170 875 4244 viventis
893 4167 1056 4264 corporis
1072 4165 1208 4252 videre,

253 4291 370 4363 sciens
388 4291 484 4385 quod
506 4291 624 4361 bonus
650 4297 775 4385 pastor
800 4287 960 4358 animam
982 4306 1086 4355 suam
1106 4283 1211 4379 ponit
1263 4295 1271 4310 '
