3118 5008
335 701 336 706 ,
388 647 457 722 174
645 667 865 719 cuaourcon
886 669 1069 718 nnnnmnr
1125 647 1339 736 [turmo.

385 796 496 882 Keth,
530 795 718 868 Johannes
762 796 806 868 de
842 794 1034 882 Crauford,
1068 795 1259 869 Johannes
1293 798 1339 869 de

384 914 606 1012 Lyndeseye‚
637 913 828 1009 Philippus
864 912 908 984 de
938 911 1125 1000 Meldrun,
1155 913 1340 986 Henricus

384 1037 428 1108 de
450 1035 640 1130 Ramesey,
659 1033 866 1106 Alexander
889 1031 1026 1118 Morre,
1051 1031 1269 1104 Humsridus
1293 1033 1339 1104 de

383 1152 493 1248 Boys
520 1149 705 1223 Gilbertus
733 1149 1000 1245 Inchemartyn,
1032 1149 1213 1220 Robertus
1243 1147 1337 1222 Mal-

384 1270 509 1356 talant,
528 1276 565 1340 et
589 1291 676 1340 suus
701 1289 892 1362 germanus
916 1265 1134 1339 Humfridus
1157 1265 1338 1362 Kirkepa-

385 1385 491 1471 trike,
519 1383 706 1456 Johannes
742 1382 873 1478 Stragy
902 1391 938 1454 et
968 1382 1147 1455 Patricius
1177 1381 1339 1477 Heringe

384 1501 530 1574 milites.
586 1501 721 1572 Praeter
746 1499 813 1571 hos
836 1498 946 1571 etiam
974 1499 1013 1570 in
1032 1499 1224 1572 venatione
1244 1499 1340 1594 fugi·

385 1619 525 1691 entium
543 1619 677 1690 multos
695 1616 907 1689 occiderunt
924 1615 1165 1712 insequentes,
1185 1617 1340 1688 sednon

384 1736 547 1832 plurium
565 1757 675 1830 qnam
691 1733 835 1808 illorum
856 1740 950 1828 togae
973 1733 1121 1806 fuerunt
1143 1733 1188 1804 de
1211 1757 1340 1830 campo

385 1851 578 1948 principali
602 1858 806 1946 reportatae,
833 1859 877 1922 ut
903 1871 1054 1923 numero
1081 1859 1246 1946 togarum
1272 1875 1340 1924 nu-

387 1989 508 2038 merus
526 1975 562 2040 et
579 1965 728 2038 nomina
745 1966 949 2039 occisorum
966 1966 1246 2040 innotescerent.

307 2181 308 2185 Ἰ
437 2082 537 2157 Dum
564 2082 641 2155 haec
669 2082 707 2154 in
733 2082 865 2179 Anglia
895 2092 1082 2178 geruntur,
1111 2107 1175 2155 rex
1201 2083 1342 2180 Angliae

387 2199 521 2273 institit
543 2199 723 2271 obsidioni
746 2199 841 2272 villae
866 2199 917 2270 de
935 2197 1081 2295 Caloys,
1101 2222 1181 2294 quae
1203 2199 1242 2270 in
1256 2221 1342 2272 ma·

388 2317 483 2391 risco
517 2316 689 2414 d'Artoys
724 2317 868 2402 situata,
904 2317 1048 2411 gemino
1083 2338 1188 2389 muro
1223 2317 1343 2413 dupli·

389 2434 494 2531 cique
525 2434 621 2508 fossa
650 2433 921 2518 circumcincta,
953 2455 1061 2529 super
1094 2434 1199 2506 littus
1233 2433 1343 2522 maris

390 2551 547 2647 Anglici‚
574 2551 722 2646 respicit
745 2575 789 2622 ex
812 2550 982 2648 opposito
1008 2550 1137 2624 turrim
1159 2548 1342 2637 Dovoriae,

391 2669 527 2742 habens
550 2679 710 2765 portum,
735 2669 852 2741 minas
874 2668 980 2764 ponti
1003 2691 1070 2740 sna
1092 2691 1265 2764 spernens
1288 2690 1343 2739 se-

390 2786 557 2872 curitate,
588 2785 651 2858 ubi
682 2785 834 2857 navibus
863 2785 1001 2881 praebet
1030 2785 1230 2883 hospitium
1257 2785 1344 2857 satis

391 2925 570 2976 securum.
642 2902 725 2976 Hoc
768 2901 945 2999 oppidum
987 2927 1072 2976 curn
1115 2924 1183 2976 suo
1224 2912 1345 2976 castro

391 3019 648 3105 munitissimo,
684 3018 866 3114 quondam
900 3018 1147 3092 Romanorum
1181 3019 1345 3116 potentia

392 3135 536 3208 struxit.
589 3134 788 3229 Postquam
805 3158 935 3232 nempe
951 3134 1073 3208 Julius
1091 3135 1214 3209 Caesar
1230 3145 1346 3209 totam

394 3248 551 3321 Galliam
589 3251 807 3344 subjugavit,
843 3249 1025 3324 Calesiam
1058 3253 1096 3324 in
1130 3251 1276 3326 Artosia
1309 3261 1347 3324 et

393 3372 551 3438 castrum
586 3365 631 3436 de
661 3363 879 3462 Chapstowe
914 3367 953 3439 in
982 3367 1202 3455 Venedocia,
1238 3379 1347 3464 atque

393 3480 525 3555 turrim
547 3479 716 3556 Dovoriae
739 3481 777 3553 in
801 3481 964 3578 loegria,
987 3486 1181 3583 subjugata
1204 3484 1347 3558 Britan-

394 3597 455 3670 nia
488 3596 690 3671 aedificavit.
758 3597 940 3673 Dominus
974 3623 1039 3674 rex
1079 3625 1146 3676 suo
1184 3599 1347 3676 exercitu

393 3711 508 3786 fossas
535 3714 675 3811 amplas
701 3715 946 3790 circumduxit
975 3729 1013 3792 et
1041 3720 1194 3792 classem
1224 3718 1348 3812 portui

395 3828 528 3904 Calesii
554 3831 727 3928 praefecit,
757 3833 887 3907 nevel
913 3836 953 3907 in
983 3857 1068 3908 snos
1096 3833 1227 3906 Gallici
1254 3834 1348 3908 irru-

394 3958 509 4036 erent,
537 3959 600 4023 aut
625 3952 780 4024 obsessis
806 3949 977 4026 victualia
1003 3975 1068 4048 per
1094 3973 1194 4022 mare
1221 3953 1348 4024 minis-

393 4077 543 4145 trarent.
608 4069 747 4144 Tamen
782 4095 844 4145 rex
872 4073 917 4146 ad
948 4071 1180 4144 obsidendam
1208 4072 1346 4159 villam,

395 4207 567 4282 magnum
587 4187 772 4282 navigium
795 4190 834 4261 in
858 4190 949 4262 mari
965 4189 1121 4262 detinuit
1138 4214 1206 4262 nec
1223 4190 1348 4262 abesse

394 4304 569 4397 permisit.
635 4303 838 4380 Normanni
880 4307 1007 4403 piratae
1048 4317 1223 4406 ceperunt
1265 4329 1347 4380 suc·
