3110 5026
363 619 437 691 234
608 635 1037 690 cunourcouaaarnrur
1096 614 1321 738 [Α.ι).1355.1

364 765 497 840 territae
527 771 651 860 gentes
681 763 778 838 illius
812 773 928 853 terrae,
964 763 1076 838 nescii
1106 763 1194 860 quid
1223 763 1318 837 sace·

363 890 456 970 rent,
487 905 555 954 nec
583 889 751 978 poterant
778 880 902 976 fugere
929 881 1187 978 praeoccupati,
1217 881 1319 977 prius

363 1023 402 1074 se
444 1007 615 1095 putantes
648 1022 714 1094 per
747 1022 858 1094 aquas
892 999 972 1072 illas
1007 1017 1165 1084 securos,
1201 1021 1319 1092 neque

363 1115 546 1188 sciverunt
567 1115 751 1201 rebellare,
769 1135 861 1211 quos
884 1138 1072 1211 nunquam
1092 1113 1195 1210 prius
1216 1111 1319 1187 furor

362 1233 514 1306 bellicus
539 1232 686 1305 invasit·
736 1231 804 1304 Illa
828 1240 936 1305 nocte
961 1231 1130 1328 princeps
1155 1231 1317 1327 hospita-

364 1349 470 1422 batur
503 1350 601 1446 apud
634 1348 820 1445 Falgardc,
855 1347 1037 1420 modicam
1078 1347 1203 1420 villam
1242 1372 1317 1420 uno

362 1471 511 1544 milliari
536 1470 733 1543 distantem
761 1492 784 1541 a
811 1467 955 1540 Tolosa.
1008 1467 1078 1539 Die
1107 1464 1212 1538 Jovis
1240 1466 1317 1538 adi-

362 1595 470 1660 erunt
499 1586 624 1658 viliam
652 1607 823 1681 magnam
852 1593 888 1656 et
917 1585 1083 1680 pulcram
1113 1584 1158 1656 de
1188 1582 1318 1656 Monte

364 1701 530 1790 Giscard,
560 1711 703 1798 partem
736 1701 945 1774 hereditatis
980 1700 1118 1774 domini
1144 1699 1319 1772 Almerici

363 1819 473 1890 dela
502 1816 670 1906 Fossade,
702 1842 813 1912 quam
843 1816 911 1889 sibi
945 1815 1095 1890 abstulit
1124 1825 1318 1890 coronatus

363 1933 598 2019 Francorum,
644 1934 729 2029 quia
770 1931 840 2004 init
887 1932 1003 2006 fidelis
1045 1933 1122 2028 regi
1163 1931 1317 2028 Angliae.

361 2050 478 2122 Juxta
514 2049 725 2145 praedictam
756 2049 882 2121 villam
915 2049 1064 2122 fuerunt
1101 2051 1145 2122 12
1179 2048 1319 2121 molen-

360 2167 456 2238 dinae
484 2175 658 2253 ventosae,
687 2191 768 2262 quac
796 2167 933 2263 pariter
962 2167 1118 2239 flammis
1148 2165 1318 2262 depasce-

361 2284 505 2355 bantur.
534 2281 589 2355 Ibi
605 2282 841 2380 capiebantur
858 2283 931 2358 duo
949 2283 1045 2379 spies
1059 2285 1317 2379 exploratores,

362 2399 427 2495 qui
461 2399 633 2476 dixerunt
667 2400 838 2472 comitem
866 2399 1180 2472 Arminiacensem
1208 2398 1320 2472 hrisse

363 2519 517 2606 Tolosae,
562 2529 599 2591 et
649 2518 960 2591 constabularium
1010 2518 1171 2593 Franciae
1222 2519 1320 2615 apud

362 2635 614 2722 Montmaban,
644 2643 800 2730 quatuor
829 2635 951 2708 leucas
979 2658 1001 2708 a
1025 2632 1171 2722 Tolosa,
1201 2635 1319 2731 suspi-

362 2761 464 2824 catos
491 2753 688 2824 adventum
714 2750 893 2823 exercitus
921 2751 968 2823 ad
994 2750 1221 2824 ohsidionem
1245 2751 1319 2824 Το-

362 2867 461 2940 losae.
527 2866 597 2940 Die
631 2867 785 2940 Veneris
819 2867 1041 2956 transierunt
1075 2875 1218 2940 rectum
1251 2868 1320 2941 iter

362 2985 504 3080 regium
534 3007 661 3057 versus
689 2972 908 3059 Avinionam
937 2984 1166 3079 perbonam
1194 2985 1319 3057 villam

364 3102 409 3174 de
440 3103 582 3199 Basigc,
613 3112 649 3174 et
676 3101 913 3188 Villefranke,
943 3110 981 3174 et
1009 3110 1109 3175 totus
1139 3103 1319 3175 exercitus

364 3219 434 3291 fuit
471 3218 676 3314 hospitatus
711 3220 757 3290 ad
791 3241 960 3312 magnam
993 3219 1119 3291 villam
1151 3228 1319 3292 vocatam

366 3333 536 3419 Anionet,
556 3357 636 3428 quae
663 3342 740 3404 erat
766 3333 929 3406 coronati
945 3333 1187 3424 Francorum,
1201 3337 1320 3410 media

362 3445 530 3519 custodia
556 3453 592 3518 et
620 3445 727 3516 tertia
753 3445 791 3516 in
819 3446 991 3519 suburbio
1019 3448 1111 3521 bene
1136 3449 1317 3544 quietatis,

365 3572 402 3635 et
424 3562 542 3657 prima
566 3561 605 3632 in
631 3562 744 3634 altera
768 3571 870 3659 parte
896 3563 1071 3651 suburbii,
1091 3563 1320 3640 Gasconibus

364 3686 401 3751 ct
431 3677 676 3752 Bernensihus
707 3679 799 3753 infra
828 3681 952 3754 villam
980 3682 1185 3778 hospitatiS,
1215 3685 1320 3779 cujus

365 3816 491 3867 omnes
525 3794 652 3867 incolae
687 3795 812 3893 fugam
845 3797 1016 3870 inierunt.
1081 3795 1137 3870 Ibi
1171 3798 1320 3872 fuerunt

365 3910 572 3984 incineratae
598 3910 646 3982 20
672 3921 832 3984 ventosae
858 3913 1085 3985 molendina.
1140 3912 1209 3983 Die
1237 3915 1320 3987 sab-

364 4024 451 4112 bati,
503 4023 633 4096 ultima
690 4024 748 4096 die
800 4022 983 4110 Octobris,
1041 4022 1322 4119 hospitabantur

365 4141 404 4212 in
447 4141 573 4236 grandi
616 4140 751 4237 oppido
789 4148 918 4212 vocato
953 4138 1317 4229 Chastchiavenareo,

365 4257 428 4329 ubi
471 4257 621 4330 ecclesia
664 4257 779 4328 sancti
825 4255 1015 4332 Michaelis
1059 4259 1317 4332 canonicorum
