3110 5026
265 557 344 622 bo.
358 544 480 634 ratu]
523 567 568 616 ru
588 567 716 616 sanna
734 567 782 616 ou
799 567 1042 617 swrusrorrr.
1147 548 1220 622 263

266 700 323 764 ter
355 691 617 788 primogenitus
647 717 687 766 se
715 693 904 768 retraxit.''
966 693 1038 767 Cui
1070 718 1222 792 respon-

263 808 355 880 dens
393 817 599 896 coronatus,
643 809 842 884 inviolabili
881 834 951 884 suo
989 820 1221 888 -sacramento

261 924 409 1018 juravit,
437 927 537 1022 quod
563 949 638 998 non
664 926 728 998 illo
755 926 813 998 dic
840 925 933 1000 foret
959 951 1131 1023 campum
1158 929 1220 1000 de.

262 1047 440 1126 serturus
467 1041 538 1112 nisi
567 1049 697 1136 captus
726 1042 786 1114 vel
814 1041 969 1128 occisus,
995 1053 1033 1114 et
1062 1044 1114 1117 ita
1143 1044 1220 1118 vioe

262 1153 380 1228 lenter
422 1155 612 1229 abductus.
685 1155 785 1251 *Ergo
824 1156 1002 1250 jubentur
1043 1158 1220 1234 vexillarii

261 1266 470 1361 procedere,
501 1291 593 1363 quos
621 1268 851 1363 subsequuta
876 1292 1078 1343 numerosa
1110 1269 1219 1349 nimis

262 1391 403 1457 armata
434 1407 579 1472 ‘manus
613 1408 642 1460 a.
669 1385 763 1458 valle
797 1385 968 1481 secedens
1008 1385 1047 1460 in
1086 1409 1220 1482 campo

261 1501 424 1595 spatioso
453 1501 588 1576 nostris
618 1501 807 1575 obtutibus
832 1525 877 1576 se
905 1479 1150 1599 praesentavit,
1181 1511 1219 1578 et

261 1615 416 1690 incussit
450 1615 736 1713 desperationem
772 1616 942 1692 vincendi
980 1617 1019 1692 iu
1061 1626 1218 1705 tantum,

261 1733 362 1827 quod
391 1733 539 1828 quidam
572 1757 712 1829 magnae
743 1732 937 1830 probitatis
965 1741 1088 1806 astans
1118 1733 1219 1829 prin·

260 1847 335 1944 cipi
378 1848 430 1921 sic
473 1849 646 1945 ejulavit:
692 1847 816 1929 “Heu
849 1848 938 1922 victi
972 1849 1218 1938 deficiemus,''

261 1987 382 2060 quem,
412 1966 585 2040 fiduciam
614 1965 782 2062 ingerens
812 1966 851 2038 in
882 1965 1031 2042 Christo
1062 1966 1218 2040 Christi·

262 2081 407 2177 feraque
435 2083 575 2178 virgine
602 2081 734 2170 Maria,
763 2082 933 2158 dominus
963 2083 1134 2180 princeps
1165 2082 1219 2158 sio

261 2197 509 2291 redarguebat.
580 2202 603 2232 “
619 2191 820 2270 Mentiris'’
855 2197 987 2292 inquit,
1024 2200 1218 2294 “pessime

260 2333 401 2396 vecors,
430 2311 461 2382 si
489 2333 547 2383 me
576 2310 702 2384 virum
729 2334 837 2407 posse
863 2311 961 2384 vinci
990 2312 1217 2408 blaspheme.

261 2427 343 2498 ris.’'
409 2425 497 2498 Non
541 2426 619 2500 sola
658 2435 804 2501 nostros
847 2426 1044 2500 multitudo
1087 2429 1218 2506 terrui-t
1316 2458 1318 2462 ’
1376 2417 1378 2420 ’

261 2543 416 2630 hostilis,
458 2543 524 2618 sed
566 2543 807 2618 consideratio
853 2553 987 2618 nostrae
1034 2543 1218 2622 facultatis

260 2660 469 2734 notabiliter
502 2661 684 2756 pejorata,
754 2659 852 2732 Cum
884 2661 955 2734 hoo
989 2661 1085 2736 enim
1119 2662 1217 2757 quod

261 2777 370 2850 multi
396 2777 441 2851 de
468 2776 602 2850 nostris
630 2775 782 2849 sauciati
809 2775 1012 2851 necessario
1039 2779 1218 2852 vacabant

259 2917 284 2964 a
310 2893 496 2979 conflictu,
522 2893 645 2966 caeteri
675 2891 750 2965 fere
779 2893 904 2965 cuncti
933 2893 1081 2968 fuerunt
1107 2895 1216 2971 nimis
1323 2961 1329 2976 .

216 3087 217 3090 ,
260 3009 413 3104 fatigati,
442 3018 478 3083 et
505 3009 681 3104 sagittarii
709 3009 857 3104 sagittas
886 3033 971 3084 suas
998 3011 1216 3107 expendide-

258 3137 354 3199 rant.
408 3121 585 3198 Praeterea
609 3127 819 3222 capitaneus
846 3126 890 3198 de
915 3127 952 3199 la
977 3127 1135 3214 Busche,
1161 3128 1218 3202 vir

260 3243 400 3316 eximiae
429 3242 631 3339 probitatis,
660 3242 724 3316 ubi
756 3242 918 3340 primurn
947 3241 1040 3314 vidit
1065 3247 1216 3339 progre-

259 3359 396 3432 dientia
420 3369 539 3432 castra
563 3359 739 3444 coronati,
765 3358 880 3456 petita
904 3357 1079 3456 principis
1105 3359 1216 3432 licen-

259 3474 323 3560 tia,
351 3475 499 3546 recessit
524 3499 610 3547 cum
636 3475 823 3570 sexaginta
848 3474 981 3570 togatis
1007 3482 1044 3547 et
1066 3476 1136 3546 100
1160 3499 1216 3548 sa-

259 3588 427 3684 gittariis,
452 3613 562 3684 quem
587 3590 632 3662 dc
658 3589 791 3662 nostris
817 3590 924 3663 multi
949 3599 1127 3687 putamnt
1152 3615 1216 3663 au-

259 3705 406 3802 fugisse.
458 3703 512 3778 Ea
537 3707 687 3801 propter
709 3706 839 3793 nostri,
860 3705 1013 3781 ducibus
1039 3708 1214 3803 exceptis,

258 3823 305 3896 de
328 3822 480 3895 victoria
500 3821 743 3918 desperantes,
761 3821 913 3896 Domini
934 3847 974 3896 se
996 3831 1093 3898 totos
1116 3848 1217 3896 com-

260 3939 489 4024 mendarunt,
505 3948 545 4011 et
570 3939 684 4012 vitam
709 3939 812 4033 quasi
837 3938 929 4010 nibil
954 3938 1215 4035 apprecianteS,

259 4055 380 4126 solum
407 4056 615 4150 cogitabant
645 4079 691 4127 ne
720 4064 948 4128 morerentur
976 4055 1043 4127 soli
1072 4055 1131 4127 vel
1160 4055 1216 4126 in-

262 4169 341 4242 ulti.
392 4169 497 4244 Tunc
524 4172 692 4268 princeps
718 4169 829 4267 jussit
861 4191 970 4243 suum
1004 4167 1216 4266 signiferum
