3118 5008
256 631 475 722 n.n.1333.]
529 653 578 702 uu
599 652 725 702 neuun
745 643 1052 702 on'swrusnorm.
1137 630 1205 702 121

258 781 419 876 magium
444 781 542 878 apud
561 779 873 854 Novumcastrum
900 803 1010 875 super
1035 777 1149 875 Tync,
1174 787 1211 851 et

251 897 332 969 cito
360 907 444 994 post
470 897 611 992 recepit
639 895 852 992 homagium
880 896 982 970 ducis
1011 896 1209 970 Britanniae

256 1037 324 1109 pro
341 1015 518 1087 comitatu
534 1009 819 1100 Richemundiae‚
839 1022 876 1086 et
892 1013 1128 1108 postmodum
1144 1038 1209 1086 vo-

253 1130 353 1203 cavit
374 1131 544 1227 praelatos
570 1138 607 1202 et
631 1139 830 1225 magnates
856 1131 955 1226 quod
974 1129 1068 1202 infra
1088 1129 1111 1202 6
1133 1130 1209 1204 dies

253 1255 341 1342 post
357 1245 647 1320 Translationem
671 1245 789 1317 sancti
807 1244 959 1316 Thomas
975 1246 1141 1318 venirent
1162 1248 1210 1319 ad

256 1384 343 1432 eum
359 1362 458 1457 apud
469 1359 806 1456 Nottingham„ubi
823 1361 980 1456 praefixit
995 1362 1210 1458 parliamen-

256 1486 337 1552 tum
361 1476 562 1550 Londoniae
588 1477 854 1566 celebrandum,
882 1479 928 1551 ad
953 1479 1052 1574 quod
1071 1480 1209 1553 ‚iterum

248 1595 448 1668 convocati
463 1595 659 1721 provinciae
677 1593 831 1701 praelati,
850 1595 908 1668 die
925 1595 1022 1670 lunae
1038 1605 1123 1691 post
1140 1595 1209 1670 ses·

251 1721 336 1784 tum
357 1712 599 1786 Exultationis
625 1721 759 1786 sanctae
785 1710 926 1800 Crucis
951 1723 1210 1787 concesserunt

254 1829 330 1924 regi
342 1853 454 1903 unam
468 1827 667 1915 decimam'3
686 1831 845 1934 populus
863 1828 1208 1926 quintamdecimam

255 1946 484 2042 praediorum‚
503 1955 540 2019 et
557 1947 736 2019 decimam
758 1956 970 2020 mercaturae
995 1971 1061 2044 per
1087 1957 1207 2021 totum

255 2086 418 2159 regnum,
454 2065 500 2138 ad
533 2063 761 2138 ‚fraenandam
799 2063 995 2139 Scotorum
1022 2064 1206 2142 ,malitiam

249 2170 446 2254 concessit.
478 2180 702 2255 Nuntiatum
716 2181 850 2277 quippe
864 2182 932 2255 fuit
946 2181 1093 2268 ibidem,
1108 2183 1207 2278 quod

255 2295 355 2369 Scoti
371 2298 645 2378 insurrexerunt
667 2306 704 2370 et
724 2307 899 2392 ceperunt
917 2298 962 2370 R.
980 2298 1025 2370 de
1040 2298 1204 2386 Talebot,

253 2422 290 2486 et
308 2414 329 2486 6
348 2415 438 2488 alios
455 2414 600 2503 milites
616 2414 754 2496 multos
778 2437 922 2509 quoque
946 2413 1087 2510 pedites
1110 2415 1205 2486 occi-

253 2531 396 2603 derunt.
449 2530 494 2603 Iu
520 2531 653 2602 eodum
682 2529 921 2624 parliamento
947 2529 1117 2602 dominus
1142 2554 1205 2605 rex

252 2647 437 2720 consensit
471 2646 689 2742 quibusdam
723 2645 862 2720 devotis
896 2654 932 2718 et
965 2645 1133 2743 promisit
1167 2671 1206 2720 se

253 2763 393 2836 iturum
409 2763 448 2835 in
460 2761 611 2835 Terram
625 2760 797 2834 Sanctam
813 2763 970 2860 propriis
985 2763 1203 2859 sumptibus

247 2879 318 2954 sed
334 2880 381 2954 ad
398 2880 467 2953 hoc
485 2888 629 2976 tempus
646 2887 787 2952 certum
804 2902 879 2952 non
896 2879 1084 2975 expressit.
1133 2879 1203 2957 Or-

246 2995 392 3070 dinavit
417 3006 540 3070 tamen
565 2996 879 3093 archiepiscopum
906 2995 1205 3084 Cantuariensem

253 3113 299 3185 ad
324 3124 519 3211 papamet
546 3138 668 3210 regem
693 3112 853 3186 Franciae
879 3114 1140 3211 profecturum,
1163 3125 1205 3189 ut

252 3244 401 3327 possent
417 3233 583 3330 praedicti
600 3255 713 3328 reges,
731 3231 794 3327 qui
819 3232 984 3305 nondum
999 3230 1149 3308 ⁴fuerant
1164 3233 1204 3305 in

252 3371 422 3444 guerram
439 3350 625 3437 commoti,
644 3349 808 3422 unanimi
824 3372 983 3426 ,assensu
1000 3359 1077 3424 tam
1100 3375 1203 3424 sanc-

252 3476 328 3540 tam
354 3468 680 3565 peregrinationem
708 3467 817 3540 simul
844 3468 1013 3563 arripere.
1064 3466 1204 3543 Eodem

250 3610 350 3658 anno
367 3586 486 3682 primo
504 3585 562 3657 die
573 3584 799 3670 Decembris,
813 3584 999 3657 transtulit
1016 3609 1110 3682 papa
1126 3609 1203 3658 ma·

253 3704 410 3800 gistrum
434 3703 554 3776 Adam
580 3703 625 3800 de
650 3701 863 3810 Horletone,
882 3711 966 3775 ante
991 3703 1204 3799 episcopum

253 3821 571 3895 Herefordiensem
606 3828 642 3892 et
674 3827 802 3916 postea
830 3817 1121 3915 Wigomeusem,
1156 3819 1203 3891 ad

253 3939 442 4012 ecclesiam
470 3936 680 4024 Wintoniae,
706 3937 803 4010 unde
829 3936 977 4033 quidam
1002 3939 1055 4010 sic
1080 3936 1203 4009 metri·

250 4054 396 4129 ficavit:
772 4117 779 4134 ,

296 4171 455 4246 Thomas
472 4174 631 4269 neglexit
644 4171 892 4258 Wulstanum,
911 4194 985 4243 nou
1001 4170 1093 4242 bene
1109 4170 1203 4245 rexit

247 4347 249 4354 ,
331 4291 559 4368 Swithunum
578 4291 694 4364 voluit
712 4315 786 4363 non
802 4289 889 4384 quia
905 4288 987 4383 plus
1005 4286 1131 4372 valuit,
