3136 5016
316 647 362 716 52
577 664 802 713 cunonrcon
823 666 1006 715 0111111111
1066 645 1158 736 [no.
1174 647 1263 715 1311

315 801 525 866 sanctorum
543 799 768 864 sacramento
792 790 928 878 altaris,
947 791 1046 887 quod
1067 792 1191 888 ipsum
1213 793 1269 864 in-

315 913 484 983 demnem
501 918 679 1004 quatenus
698 918 833 1003 posset,
853 918 981 982 contra
998 933 1125 982 omnes
1142 911 1269 983 adver-

316 1027 429 1099 sarios
450 1049 535 1098 suos
557 1024 757 1098 custodiret
779 1026 825 1096 ed
845 1035 986 1097 certum
1003 1033 1160 1120 tempus
1180 1027 1271 1099 citra

317 1143 415 1239 quod
432 1141 642 1214 intendebat
659 1165 722 1213 rex
739 1141 861 1237 aliquo
878 1141 988 1213 modo
1005 1141 1155 1213 Petrum
1169 1142 1270 1237 regni

317 1259 526 1356 proceribus
569 1257 830 1329 reconciliasse.
884 1255 957 1329 Sed
991 1256 1101 1330 fidem
1134 1258 1271 1329 invidia

316 1375 413 1447 inter
440 1397 583 1446 summa
606 1374 785 1446 lacessens
813 1382 850 1445 et
880 1397 982 1446 amor
1008 1373 1175 1469 placendi
1202 1373 1270 1444 ini-v

316 1491 421 1564 micis
441 1489 551 1576 Petri,
570 1498 730 1562 tutorem
748 1489 861 1583 ipsius
879 1498 1006 1562 contra
1023 1490 1271 1585 juramentum

318 1607 356 1678 in
386 1603 642 1701 negligentiam
672 1603 913 1690 abduxerunt,
945 1604 1091 1676 ducitur
1124 1606 1271 1677 tandem

318 1723 448 1794 Petrus
466 1744 538 1815 quo
555 1742 630 1790 non
646 1719 755 1789 vellet
772 1743 836 1814 per
853 1717 1066 1792 familiarem
1082 1720 1272 1794 inimicum

318 1841 357 1911 in
367 1837 523 1910 mediam
534 1843 752 1932 potestatem
763 1836 1006 1924 inimicorum,
1019 1839 1058 1910 in
1069 1839 1272 1910 manerium

317 1953 486 2027 1111011001
511 1948 750 2037 Dathintone,
770 1953 868 2046 quod
890 1963 946 2024 est
963 1952 1063 2026 inter
1089 1954 1272 2026 Oxoniam

320 2080 357 2143 ct
374 2067 592 2154 Warewick,
616 2067 681 2139 ubi
705 2092 773 2140 nec
798 2068 991 2141 latibulum
1016 2071 1180 2142 naturale
1205 2095 1273 2142 nec

250 2241 252 2246 .
321 2194 482 2257 castrum
516 2191 580 2255 aut
613 2173 883 2257 munimentum
913 2185 1059 2280 aliquod
1089 2185 1274 2258 artificiale

320 2307 445 2397 posset
470 2323 492 2372 a
516 2299 702 2372 vicinitate
728 2299 872 2372 comitis
894 2299 1099 2373 Warewick
1124 2300 1272 2374 Petrum

321 2423 556 2510 sequestrare.
584 2413 790 2488 Adomarus
807 2424 915 2488 nocte
932 2415 976 2487 ab
995 2415 1075 2512 ipso
1092 2415 1201 2488 Petro
1218 2441 1274 2488 re·

322 2532 431 2605 cessit
441 2540 477 2604 et
487 2531 524 2602 in
536 2519 1275 2628 011101000ωο011101011100111110011111110

323 2647 497 2721 mediocri
521 2655 557 2719 01
582 2646 738 2720 Hutesio
760 2646 930 2734 accessit3
958 2645 1108 2720 Petmm
1131 2671 1275 2743 quoque

323 2764 476 2837 ductum
496 2764 542 2835 ad
563 2772 724 2836 castrum
741 2763 937 2849 Warewik,
958 2763 1081 2836 habita
1102 2762 1275 2836 delibera-

323 2882 422 2956 tione
439 2906 525 2956 cum
540 2879 683 2953 Thoma
700 2881 831 2952 00111110
850 2879 1070 2954 Lancastriae
1087 2889 1125 2953 et
1142 2881 1275 2954 comite

324 2995 558 3081 Herefordiae,
577 2994 616 3064 in
635 2995 800 3089 ipsorum
821 3005 1021 3092 conspectu
1045 2997 1084 3068 in
1108 2997 1190 3069 1000
1213 2994 1276 3089 qui
1386 3061 1388 3064 .

326 3110 459 3183 dicitur
489 3108 707 3180 Caveresich
741 3112 815 3183 19⁰⁰
851 3108 909 3182 die
943 3111 1078 3184 mensis
1111 3109 1276 3184 Januarii

324 3224 410 3297 fecit
436 3222 643 3318 decapitari,
670 3225 775 3318 cujus
803 3249 946 3321 corpus·
963 3227 1002 3298 in
1029 3227 1180 3300 ecclesia
1205 3225 1276 3298 fra-

325 3352 425 3415 trum
454 3340 590 3413 ordinis
620 3341 900 3437 praedicatorum
929 3344 974 3416 de
1003 3341 1184 3440 Langleye
1213 3367 1278 3414 rex

326 3457 525 3530 honorifice
551 3456 733 3531 commisit
759 3461 964 3555 sepulturae.
1015 3459 1157 3531 Eodem
1182 3482 1278 3532 anno

327 3597 423 3668 papa
449 3573 618 3644 Clemens
645 3571 682 3644 V
716 3574 911 3646 celebravit
945 3573 1139 3647 concilium
1166 3573 1278 3646 Vien-

328 3711 440 3759 nense
465 3687 583 3782 primo
611 3687 668 3760 die
696 3691 830 3762 mensis
859 3688 1029 3763 Octobris
1055 3689 1279 3774 inchoatum,

329 3814 366 3877 et
400 3803 561 3899 adusque
595 3803 836 3880 Pentecosten
869 3808 1100 3903 protelatum,
1135 3807 1174 3878 in
1208 3827 1281 3901 quo

330 3921 517 3993 damnavit
542 3919 706 3992 ordinem
730 3919 1033 4019 Tcmplariomm,
1060 3947 1144 4018 rege
1170 3922 1281 3993 Fran-

330 4035 395 4110 0100
425 4036 594 4133 Philippo
624 4035 721 4109 dicto
756 4039 790 4110 le
824 4037 932 4111 Beals
962 4047 1150 4134 praesente,
1178 4046 1216 4110 et
1243 4035 1283 4107 id

330 4163 559 4251 procurante,
591 4153 657 4247 'qui
690 4154 857 4227 odiosum
901 4154 1027 4226 habuit
1069 4154 1284 4248 magistrum

332 4293 505 4366 magnum
522 4269 658 4344 ordinis
682 4280 831 4368 propter
853 4269 1101 4364 importunam
1120 4267 1283 4365 pecuniae
