3110 5026
346 615 419 686 268
593 633 820 684 cnaourcon
840 633 1023 682 (1111111111
1082 609 1295 701 [talasa

342 766 536 841 victoriose
579 773 803 862 receperunt.
873 763 973 836 Inter
1006 763 1200 837 semivivos
1233 767 1297 839 vix

342 883 552 958 anhelantes
576 889 742 978 repertus
767 879 937 953 dominus
957 879 1118 953 Jacobus
1143 880 1297 955 Dawde·

343 1000 434 1096 leye,
468 998 545 1071 lato
580 1005 685 1071 scuto
720 996 983 1093 superpositus,
1013 996 1185 1093 piissimis
1214 999 1298 1072 bra-

343 1115 436 1188 chiis
462 1113 753 1188 commilitonum
776 1111 880 1184 sessis
903 1112 1031 1196 fessus,
1055 1112 1187 1186 sauciis
1213 1137 1294 1188 san-

341 1233 433 1319 cius,
453 1230 613 1305 cruentis
631 1229 817 1324 exanguis,
836 1228 882 1300 ad
898 1228 1100 1324 hospitium
1121 1230 1295 1327 principis

343 1346 469 1420 fertur.
523 1345 731 1419 Inventario
760 1354 837 1416 tam
866 1344 1025 1441 pretioso
1054 1352 1133 1417 tota
1158 1345 1297 1420 familia

343 1462 477 1535 sedulis
510 1461 606 1536 votis
640 1460 916 1557 obsequebatur,
947 1460 1096 1555 ipseque
1124 1460 1296 1558 princeps

341 1578 386 1650 ab
417 1601 461 1650 ea
490 1578 584 1663 sede,
614 1599 686 1671 qua
712 1583 922 1648 coenaturus
945 1576 1054 1672 juxta
1080 1586 1295 1649 coronatum

341 1693 531 1779 residebat,
558 1691 841 1764 laudabilissimo
865 1691 999 1787 pietate
1024 1693 1231 1781 resurrexit,
1258 1705 1295 1766 et

341 1807 416 1881 scre
437 1807 630 1881 lacrimans
653 1807 885 1879 osculabatur
905 1805 1035 1901 frigida
1049 1808 1150 1880 labra
1167 1832 1294 1884 cruore

342 1926 507 2022 squalida
522 1925 585 1998 vix
602 1925 772 2020 spirantis
795 1924 852 1996 sui
868 1923 1057 2010 carissimi,
1075 1925 1294 2022 demumque

342 2040 482 2113 nudum
503 2040 598 2112 lecto
620 2040 775 2112 delicato
798 2039 1023 2127 reclinatum,
1041 2041 1294 2138 paulisperque

342 2181 417 2232 suae
443 2156 623 2228 memoriae
647 2165 856 2228 revocatum
879 2156 1108 2243 confortavit,
1132 2181 1294 2232 asserens

340 2274 403 2371 pio
425 2274 645 2370 jurament0,
673 2274 770 2369 quod
797 2273 926 2347 habuit
953 2257 1116 2346 deditum
1142 2299 1293 2347 corona-

284 2412 286 2418 ·
340 2399 430 2478 tum,
457 2415 587 2486 nempe
613 2390 657 2462 de
683 2390 787 2463 novis
814 2391 910 2463 ultra
937 2390 1085 2462 modum
1114 2391 1292 2463 desidera-

340 2507 400 2594 tis,
429 2507 521 2579 nulli
548 2507 701 2580 credidit
727 2507 920 2602 languidus
948 2506 1067 2593 heros,
1096 2506 1166 2580 nisi
1195 2508 1296 2604 prin-

340 2622 414 2718 cipi
444 2621 622 2709 referenti,
654 2622 785 2718 quibus
815 2623 961 2696 creditis
990 2623 1131 2695 revixit.
1185 2623 1294 2698 Tunc

340 2760 506 2810 reversus
535 2739 704 2835 princeps
735 2747 920 2827 coronat0,
952 2740 1132 2835 suggessit
1166 2740 1210 2826 ei,
1246 2765 1293 2816 ne

242 2862 249 2870 '
338 2863 484 2948 putaret
513 2878 606 2951 opus
636 2854 824 2950 indignum
855 2879 892 2929 se
921 2854 1060 2943 fecisse,
1091 2856 1178 2929 dum
1212 2879 1292 2928 sur-

339 2970 434 3043 rexit
461 2995 483 3044 a
510 2993 616 3043 coena
646 2972 915 3045 confortaturus
945 2971 1049 3043 illum
1079 2971 1152 3044 fere
1180 2973 1291 3044 mori-

338 3095 471 3174 entem,
498 3088 562 3182 qui
588 3112 704 3185 neque
732 3087 899 3183 sanguini
925 3111 1044 3184 neque
1071 3089 1180 3162 saluti
1206 3113 1291 3185 pro-

337 3202 426 3295 priis
452 3204 625 3297 pepercit,
648 3203 735 3298 quin
762 3203 931 3298 exposuit
955 3227 998 3275 ea
1022 3202 1183 3300 periculo
1208 3229 1291 3299 per-

338 3316 497 3401 ditionis,
523 3341 568 3387 ne
591 3318 801 3412 principalis
825 3319 942 3389 honor
963 3317 1147 3389 liberetur.
1202 3317 1292 3396 Post

338 3431 463 3504 audita
495 3429 736 3525 descriptione
770 3439 863 3526 togae
897 3429 1288 3522 militaris'Jacobinae,

338 3546 430 3618 dixit
465 3554 671 3630 coronatus
706 3546 804 3640 quod
838 3546 933 3619 inter
967 3556 1114 3622 caeteros
1147 3545 1291 3622 fortiter

337 3670 483 3757 agentes
517 3663 622 3735 valde
657 3663 856 3738 mirabatur
889 3664 987 3737 illius
1021 3664 1145 3737 militis
1182 3665 1290 3738 sortia

336 3777 433 3852 sacta
455 3778 661 3852 terribiliter
683 3789 720 3852 et
746 3780 809 3852 diu
831 3781 1052 3867 continuata,
1080 3804 1147 3852 nec
1173 3781 1289 3853 multa

337 3896 443 3991 plura
458 3895 578 3980 luerat
598 3919 639 3966 ea
660 3919 765 3968 coena
782 3896 967 3991 loquutus,
986 3897 1056 3968 nisi
1073 3897 1171 3991 quod
1187 3897 1287 3991 prin-

337 4010 409 4106 cipi
443 4011 566 4083 nativa
599 4011 734 4107 pietate
768 4010 925 4114 nobilem
955 4010 1113 4105 praedam
1144 4011 1286 4085 eonfor-

337 4126 441 4212 tanti,
459 4127 603 4206 ¹similia
637 4126 769 4200 talibus
803 4127 913 4198 verba
946 4128 1133 4223 rependit:
1170 4126 1286 4201 “Ine-

337 4241 522 4315 vitabilem
550 4243 636 4316 licet
666 4243 839 4330 dolorem,
869 4254 992 4316 tamen
1018 4253 1060 4317 ut
1088 4245 1190 4318 decet
1218 4246 1286 4318 sub
