3096 5012
285 597 360 659 nn.
378 538 500 679 1349]
541 611 585 659 tn
605 609 732 659 sassa
752 608 799 659 us
819 607 1056 659 swmsaoss.
1161 589 1230 662 201

284 735 376 809 Item
396 738 566 810 dominus
590 738 770 811 Robertus
795 737 839 810 de
862 737 1054 833 Banguilo,
1074 739 1165 812 Otto
1189 741 1233 813 de

284 851 379 925 Gule
390 855 477 928 baro
488 855 532 927 de
544 853 843 950 Martingraham,
862 853 1093 928 Baldewinus
1108 855 1234 954 Sailly,

282 967 464 1044 Henricus
498 971 543 1044 de
579 971 697 1058 Prees,
730 970 889 1044 Garvius
923 971 1067 1058 Baillof,
1104 973 1234 1047 Petrus

281 1083 410 1182 Rynel,
455 1087 585 1160 Petrus
627 1086 883 1182 D'Argemole,
929 1087 1149 1162 Eustachius
1187 1091 1234 1162 de

280 1200 529 1298 Ripplemont‚
553 1212 589 1275 et
615 1203 676 1276 alii
700 1203 809 1275 multi
833 1202 964 1276 milites
990 1213 1027 1276 et
1052 1204 1233 1278 domicelli

279 1316 397 1412 fugati
422 1317 571 1392 fuerunt
598 1342 683 1391 cum
711 1319 786 1391 suis
812 1318 965 1406 vexillis,
992 1319 1160 1392 dominus
1187 1321 1232 1393 de

275 1432 570 1523 Mountmarissi,
597 1435 687 1509 item
712 1434 894 1522 Laundas
914 1435 976 1530 qui
1001 1437 1233 1532 desponsavit

280 1550 463 1624 dominam
489 1551 534 1625 de
561 1551 663 1626 Seint
688 1552 790 1640 Pool,
816 1552 1039 1625 comitissam
1061 1552 1232 1628 Pembro·

280 1665 370 1738 chiae
397 1667 436 1740 in
462 1667 604 1763 Anglia.
659 1667 753 1741 Item
780 1668 916 1740 domini
942 1669 987 1742 de
1012 1667 1141 1756 Fenus,
1166 1670 1231 1743 do-

279 1783 401 1857 minus
422 1785 467 1857 de
489 1784 639 1872 Planke‚
663 1794 699 1858 et
722 1786 814 1860 alius
840 1785 1061 1873 Eustachius
1080 1787 1125 1859 de
1142 1785 1230 1883 Rip-

278 1901 451 1994 plemont.
507 1900 631 1975 Occisi
659 1901 807 1975 fuerunt
837 1902 876 1974 in
904 1903 1029 1998 praelio
1059 1903 1231 1978 dominus

279 2013 459 2090 Henricus
486 2018 530 2091 de
557 2017 654 2115 Boys
680 2027 717 2092 et
741 2019 912 2092 dominus
938 2017 1169 2107 Archeband,
1195 2029 1232 2092 et

252 2132 384 2205 *multi
414 2134 486 2222 alii,
518 2133 563 2206 de
594 2159 750 2231 quorum
785 2136 914 2208 notitia
946 2161 1022 2211 non
1056 2145 1230 2213 curarunt

277 2245 443 2322 victores.
497 2248 558 2322 Sic
581 2251 778 2346 proditiose
804 2261 930 2324 contra
954 2251 1107 2324 formam
1132 2263 1229 2326 treu-

277 2388 404 2458 garum
433 2365 574 2438 facinus
604 2365 842 2460 ingeniatum,
869 2366 947 2459 ejus
975 2377 1140 2440 auctores
1168 2369 1230 2442 de-

277 2480 391 2553 traxit
416 2481 454 2552 in
479 2482 642 2566 cladem;
669 2481 788 2577 primo
813 2480 1019 2554 Galfridum
1036 2507 1102 2579 per
1119 2484 1175 2556 sui
1192 2495 1230 2558 et

277 2597 479 2672 amicorum
504 2621 656 2671 suorum
679 2597 896 2693 captionem,
916 2599 994 2671 auri
1017 2600 1124 2673 multi
1146 2627 1228 2698 per-

277 2714 463 2804 ditionem,
495 2715 673 2793 nobilium
707 2715 869 2787 virorum
899 2715 1130 2804 occisionem,
1162 2719 1228 2792 du-

276 2855 362 2904 cum
378 2833 693 2928 magnanimorum
716 2831 950 2928 fugationem,
968 2842 1005 2905 et
1028 2834 1140 2906 totius
1163 2834 1228 2908 ial-

276 2971 326 3020 sae
356 2949 633 3023 machinationis
662 2949 808 3022 finalem
836 2949 1130 3036 frustrationem
1166 2951 1230 3024 sed

275 3087 343 3138 nec
372 3064 561 3139 Emericus
592 3067 705 3138 evasit
734 3068 906 3162 laqueum
939 3066 1226 3162 periclitationis,

276 3180 386 3255 immo
407 3192 535 3279 postea
555 3191 685 3279 captus
708 3183 802 3256 inter
821 3182 979 3256 Gallicos
996 3183 1091 3256 ferro
1112 3183 1226 3281 ignito

274 3298 379 3372 vivus
404 3312 586 3396 perustus,
608 3325 630 3374 a
654 3299 802 3374 militari
827 3301 953 3374 ordine
978 3325 1044 3397 per
1069 3303 1227 3377 talorum

275 3417 561 3511 amputationem
578 3417 805 3513 degradatus,
827 3417 952 3513 lingua
974 3418 1139 3513 privatus
1162 3441 1227 3512 per

274 3531 542 3621 abscissionem,
566 3542 693 3628 postea
714 3556 925 3630 suspensus,
950 3533 1098 3606 demum
1121 3533 1226 3606 deca-

274 3649 422 3745 pitatus,
452 3659 489 3723 et
517 3649 673 3741 finaliter
706 3650 745 3722 in
774 3648 956 3745 quarteria
984 3648 1134 3736 divisus
1164 3673 1225 3722 ex-

274 3767 383 3840 solvit
408 3789 537 3863 poenas
563 3765 779 3861 proditionis
805 3774 847 3842 et„
866 3765 964 3838 falsae
994 3766 1225 3863 pejerationis
1361 3781 1367 3798 ·

273 3881 311 3953 in
336 3891 602 3956 sacramentum
626 3883 762 3957 altaris.
814 3881 952 3957 Eodem
980 3907 1076 3955 anno
1103 3905 1224 3954 comes

273 3995 490 4072 Lancastriae
516 4007 551 4072 et
576 3999 728 4074 barones
757 3997 959 4078 Staffordiae
986 4008 1023 4071 et
1050 3998 1094 4070 de
1121 3995 1224 4070 Grei-

273 4115 392 4202 stoke,
419 4116 508 4190 item
535 4113 683 4188 heredes
711 4115 943 4188 dominorum
973 4114 1018 4185 de
1047 4112 1161 4210 Percy
1189 4123 1225 4186 et

208 4219 213 4224 ’
272 4227 317 4299 de
335 4226 479 4304 Neville
495 4238 605 4324 atque
628 4231 797 4306 dominus
819 4233 863 4309 de
884 4229 1054 4304 Fomival
1076 4238 1113 4302 et
1135 4229 1222 4302 Bar-
