<?xml version="1.0" encoding="UTF-8"?>
<!DOCTYPE html PUBLIC "-//W3C//DTD XHTML 1.0 Transitional//EN"
    "http://www.w3.org/TR/xhtml1/DTD/xhtml1-transitional.dtd">
<html xmlns="http://www.w3.org/1999/xhtml" xml:lang="en" lang="en">
 <head>
  <title>
</title>
<meta http-equiv="Content-Type" content="text/html;charset=utf-8" />
  <meta name='ocr-system' content='tesseract 3.04.00' />
  <meta name='ocr-capabilities' content='ocr_page ocr_carea ocr_par ocr_line ocrx_word'/>
</head>
<body>
  <div class='ocr_page' id='page_1' title='image "./galfridilebaker00gilegoog_0185.png"; bbox 0 0 3118 5008; ppageno 0'>
   <div class='ocr_carea' id='block_1_1' title="bbox 224 651 1171 744">
    <p class='ocr_par' dir='ltr' id='par_1_1' title="bbox 224 651 1171 744">
     <span class='ocr_line' id='line_1_1' title="bbox 224 651 1171 744; baseline 0.004 -20"><span class='ocrx_word' id='word_1_1' title='bbox 224 651 435 744; x_wconf 61' lang='lat' dir='ltr'>nerent]</span> <span class='ocrx_word' id='word_1_2' title='bbox 476 676 521 725; x_wconf 83' lang='lat' dir='ltr'>nu</span> <span class='ocrx_word' id='word_1_3' title='bbox 541 675 668 725; x_wconf 71' lang='lat' dir='ltr'>sunus</span> <span class='ocrx_word' id='word_1_4' title='bbox 687 677 735 724; x_wconf 85' lang='lat' dir='ltr'>nu</span> <span class='ocrx_word' id='word_1_5' title='bbox 755 675 998 727; x_wconf 78' lang='lat' dir='ltr'>swnusuonu.</span> <span class='ocrx_word' id='word_1_6' title='bbox 1102 657 1171 728; x_wconf 76' lang='lat'>&#39;181</span> 
     </span>
    </p>
   </div>
   <div class='ocr_carea' id='block_1_2' title="bbox 213 801 1177 2398">
    <p class='ocr_par' dir='ltr' id='par_1_2' title="bbox 213 801 1177 2398">
     <span class='ocr_line' id='line_1_2' title="bbox 224 801 1177 904; baseline 0.005 -28"><span class='ocrx_word' id='word_1_7' title='bbox 224 827 349 877; x_wconf 87' lang='lat' dir='ltr'>omnes</span> <span class='ocrx_word' id='word_1_8' title='bbox 367 802 520 878; x_wconf 86' lang='lat' dir='ltr'>Sentiet</span> <span class='ocrx_word' id='word_1_9' title='bbox 537 811 614 876; x_wconf 91' lang='lat' dir='ltr'>tota</span> <span class='ocrx_word' id='word_1_10' title='bbox 630 803 748 901; x_wconf 89' lang='lat' dir='ltr'>patria</span> <span class='ocrx_word' id='word_1_11' title='bbox 765 803 908 878; x_wconf 83' lang='lat' dir='ltr'>Scotiae.</span> <span class='ocrx_word' id='word_1_12' title='bbox 962 801 1057 879; x_wconf 89' lang='lat' dir='ltr'><strong>Item</strong></span> <span class='ocrx_word' id='word_1_13' title='bbox 1072 831 1177 904; x_wconf 92' lang='lat' dir='ltr'>reges</span> 
     </span>
     <span class='ocr_line' id='line_1_3' title="bbox 222 917 1174 1017; baseline 0.006 -27"><span class='ocrx_word' id='word_1_14' title='bbox 222 917 419 1015; x_wconf 72' lang='lat' dir='ltr'><strong>Hispaniae,</strong></span> <span class='ocrx_word' id='word_1_15' title='bbox 442 919 639 1006; x_wconf 86' lang='lat' dir='ltr'>Bohemiae‚</span> <span class='ocrx_word' id='word_1_16' title='bbox 659 928 696 991; x_wconf 89' lang='lat' dir='ltr'>et</span> <span class='ocrx_word' id='word_1_17' title='bbox 713 919 937 1017; x_wconf 88' lang='lat' dir='ltr'>Arragoniae.</span> <span class='ocrx_word' id='word_1_18' title='bbox 991 920 1085 995; x_wconf 89' lang='lat' dir='ltr'><strong>Item</strong></span> <span class='ocrx_word' id='word_1_19' title='bbox 1102 924 1174 996; x_wconf 51' lang='lat' dir='ltr'>*du-</span> 
     </span>
     <span class='ocr_line' id='line_1_4' title="bbox 221 1035 1174 1136; baseline 0.005 -29"><span class='ocrx_word' id='word_1_20' title='bbox 221 1059 281 1108; x_wconf 90' lang='lat' dir='ltr'>ces</span> <span class='ocrx_word' id='word_1_21' title='bbox 298 1036 502 1108; x_wconf 86' lang='lat' dir='ltr'>Brabantiae</span> <span class='ocrx_word' id='word_1_22' title='bbox 519 1045 556 1109; x_wconf 89' lang='lat' dir='ltr'><strong>et</strong></span> <span class='ocrx_word' id='word_1_23' title='bbox 574 1035 718 1122; x_wconf 86' lang='lat' dir='ltr'>Gelriae,</span> <span class='ocrx_word' id='word_1_24' title='bbox 737 1045 774 1108; x_wconf 90' lang='lat' dir='ltr'>et</span> <span class='ocrx_word' id='word_1_25' title='bbox 790 1038 934 1111; x_wconf 87' lang='lat' dir='ltr'>ducissa</span> <span class='ocrx_word' id='word_1_26' title='bbox 955 1037 1174 1136; x_wconf 78' lang='lat' dir='ltr'>Lotoiingiae</span> 
     </span>
     <span class='ocr_line' id='line_1_5' title="bbox 220 1149 1174 1248; baseline 0.004 -26"><span class='ocrx_word' id='word_1_27' title='bbox 220 1174 305 1222; x_wconf 90' lang='lat' dir='ltr'>cnm</span> <span class='ocrx_word' id='word_1_28' title='bbox 322 1150 405 1222; x_wconf 91' lang='lat' dir='ltr'>filiis</span> <span class='ocrx_word' id='word_1_29' title='bbox 422 1149 510 1236; x_wconf 88' lang='lat' dir='ltr'>suis,</span> <span class='ocrx_word' id='word_1_30' title='bbox 529 1158 567 1221; x_wconf 88' lang='lat' dir='ltr'><strong>et</strong></span> <span class='ocrx_word' id='word_1_31' title='bbox 584 1149 768 1221; x_wconf 89' lang='lat' dir='ltr'>comitissa</span> <span class='ocrx_word' id='word_1_32' title='bbox 792 1150 836 1221; x_wconf 92' lang='lat' dir='ltr'><strong>de</strong></span> <span class='ocrx_word' id='word_1_33' title='bbox 858 1149 932 1222; x_wconf 92' lang='lat' dir='ltr'>Bar</span> <span class='ocrx_word' id='word_1_34' title='bbox 948 1157 1036 1223; x_wconf 90' lang='lat' dir='ltr'>cum&#39;</span> <span class='ocrx_word' id='word_1_35' title='bbox 1051 1154 1174 1248; x_wconf 88' lang='lat' dir='ltr'>pueris</span> 
     </span>
     <span class='ocr_line' id='line_1_6' title="bbox 220 1262 1174 1341; baseline 0.004 -3"><span class='ocrx_word' id='word_1_36' title='bbox 220 1266 307 1338; x_wconf 78' lang='lat' dir='ltr'>suis,</span> <span class='ocrx_word' id='word_1_37' title='bbox 360 1265 455 1338; x_wconf 88' lang='lat' dir='ltr'><strong>Item</strong></span> <span class='ocrx_word' id='word_1_38' title='bbox 485 1262 653 1337; x_wconf 88' lang='lat' dir='ltr'>dominus</span> <span class='ocrx_word' id='word_1_39' title='bbox 682 1262 845 1336; x_wconf 88' lang='lat' dir='ltr'>Joannes</span> <span class='ocrx_word' id='word_1_40' title='bbox 876 1264 920 1336; x_wconf 92' lang='lat' dir='ltr'><strong>de</strong></span> <span class='ocrx_word' id='word_1_41' title='bbox 950 1264 1107 1340; x_wconf 87' lang='lat' dir='ltr'>Henaud</span> <span class='ocrx_word' id='word_1_42' title='bbox 1137 1278 1174 1341; x_wconf 92' lang='lat' dir='ltr'>et</span> 
     </span>
     <span class='ocr_line' id='line_1_7' title="bbox 219 1378 1174 1476; baseline 0.002 -23"><span class='ocrx_word' id='word_1_43' title='bbox 219 1381 337 1476; x_wconf 88' lang='lat' dir='ltr'>patria</span> <span class='ocrx_word' id='word_1_44' title='bbox 359 1378 625 1474; x_wconf 88' lang='lat' dir='ltr'>Hanegowdiae,</span> <span class='ocrx_word' id='word_1_45' title='bbox 648 1401 770 1451; x_wconf 90' lang='lat' dir='ltr'>comes</span> <span class='ocrx_word' id='word_1_46' title='bbox 794 1378 838 1451; x_wconf 93' lang='lat' dir='ltr'><strong>de</strong></span> <span class='ocrx_word' id='word_1_47' title='bbox 861 1378 1034 1467; x_wconf 91' lang='lat' dir='ltr'>Nemurs‚</span> <span class='ocrx_word' id='word_1_48' title='bbox 1058 1383 1174 1455; x_wconf 90' lang='lat' dir='ltr'>domi·</span> 
     </span>
     <span class='ocr_line' id='line_1_8' title="bbox 220 1494 1175 1592; baseline 0.004 -25"><span class='ocrx_word' id='word_1_49' title='bbox 220 1519 289 1569; x_wconf 88' lang='lat' dir='ltr'>nus</span> <span class='ocrx_word' id='word_1_50' title='bbox 310 1495 527 1568; x_wconf 86' lang='lat' dir='ltr'>Ludowicus</span> <span class='ocrx_word' id='word_1_51' title='bbox 551 1494 596 1566; x_wconf 92' lang='lat' dir='ltr'><strong>de</strong></span> <span class='ocrx_word' id='word_1_52' title='bbox 619 1494 792 1581; x_wconf 88' lang='lat' dir='ltr'>Nemurs,</span> <span class='ocrx_word' id='word_1_53' title='bbox 811 1494 1004 1592; x_wconf 87' lang='lat' dir='ltr'>episcopus</span> <span class='ocrx_word' id='word_1_54' title='bbox 1027 1496 1071 1569; x_wconf 92' lang='lat' dir='ltr'><strong>de</strong></span> <span class='ocrx_word' id='word_1_55' title='bbox 1093 1497 1175 1571; x_wconf 90' lang='lat' dir='ltr'>Lie-</span> 
     </span>
     <span class='ocr_line' id='line_1_9' title="bbox 218 1609 1173 1708; baseline 0.005 -24"><span class='ocrx_word' id='word_1_56' title='bbox 218 1635 293 1708; x_wconf 76' lang='lat' dir='ltr'><strong>geS,</strong></span> <span class='ocrx_word' id='word_1_57' title='bbox 311 1610 526 1696; x_wconf 88' lang='lat' dir='ltr'>Januenses,</span> <span class='ocrx_word' id='word_1_58' title='bbox 546 1620 583 1684; x_wconf 90' lang='lat' dir='ltr'><strong>et</strong></span> <span class='ocrx_word' id='word_1_59' title='bbox 606 1633 732 1682; x_wconf 91' lang='lat' dir='ltr'>omnes</span> <span class='ocrx_word' id='word_1_60' title='bbox 755 1609 816 1682; x_wconf 86' lang='lat' dir='ltr'>alii</span> <span class='ocrx_word' id='word_1_61' title='bbox 839 1612 1080 1706; x_wconf 84' lang='lat' dir='ltr'>coadjutores,</span> <span class='ocrx_word' id='word_1_62' title='bbox 1097 1615 1173 1689; x_wconf 88' lang='lat' dir='ltr'>affi-</span> 
     </span>
     <span class='ocr_line' id='line_1_10' title="bbox 217 1727 1171 1824; baseline 0.002 -23"><span class='ocrx_word' id='word_1_63' title='bbox 217 1753 293 1816; x_wconf 88' lang='lat' dir='ltr'>nes,</span> <span class='ocrx_word' id='word_1_64' title='bbox 321 1737 357 1801; x_wconf 89' lang='lat' dir='ltr'>et</span> <span class='ocrx_word' id='word_1_65' title='bbox 387 1727 609 1801; x_wconf 88' lang='lat' dir='ltr'>adhaerentes</span> <span class='ocrx_word' id='word_1_66' title='bbox 635 1727 809 1823; x_wconf 86' lang='lat' dir='ltr'>praedicto</span> <span class='ocrx_word' id='word_1_67' title='bbox 834 1729 910 1824; x_wconf 86' lang='lat' dir='ltr'>regi</span> <span class='ocrx_word' id='word_1_68' title='bbox 935 1727 1171 1805; x_wconf 85' lang='lat' dir='ltr'><strong>Francorum.</strong></span> 
     </span>
     <span class='ocr_line' id='line_1_11' title="bbox 217 1843 1172 1941; baseline 0.007 -25"><span class='ocrx_word' id='word_1_69' title='bbox 217 1844 405 1931; x_wconf 88' lang='lat' dir='ltr'>Praeterea‚</span> <span class='ocrx_word' id='word_1_70' title='bbox 429 1868 550 1918; x_wconf 91' lang='lat' dir='ltr'>comes</span> <span class='ocrx_word' id='word_1_71' title='bbox 576 1843 753 1918; x_wconf 72' lang='lat' dir='ltr'>nandriae</span> <span class='ocrx_word' id='word_1_72' title='bbox 779 1845 982 1941; x_wconf 86' lang='lat' dir='ltr'>specialiter</span> <span class='ocrx_word' id='word_1_73' title='bbox 1008 1846 1056 1920; x_wconf 90' lang='lat' dir='ltr'>sit</span> <span class='ocrx_word' id='word_1_74' title='bbox 1082 1849 1172 1922; x_wconf 94' lang='lat' dir='ltr'>obli-</span> 
     </span>
     <span class='ocr_line' id='line_1_12' title="bbox 217 1961 1172 2058; baseline 0.004 -24"><span class='ocrx_word' id='word_1_75' title='bbox 217 1971 322 2058; x_wconf 86' lang='lat' dir='ltr'>gatus</span> <span class='ocrx_word' id='word_1_76' title='bbox 349 1986 414 2058; x_wconf 90' lang='lat' dir='ltr'>per</span> <span class='ocrx_word' id='word_1_77' title='bbox 439 1970 707 2035; x_wconf 86' lang='lat' dir='ltr'>sacramentum</span> <span class='ocrx_word' id='word_1_78' title='bbox 728 1961 941 2057; x_wconf 88' lang='lat' dir='ltr'>juramenti,</span> <span class='ocrx_word' id='word_1_79' title='bbox 969 1964 1015 2036; x_wconf 88' lang='lat' dir='ltr'>ad</span> <span class='ocrx_word' id='word_1_80' title='bbox 1044 1972 1172 2038; x_wconf 90' lang='lat' dir='ltr'>tenen-</span> 
     </span>
     <span class='ocr_line' id='line_1_13' title="bbox 214 2072 1169 2173; baseline 0.006 -27"><span class='ocrx_word' id='word_1_81' title='bbox 214 2075 304 2148; x_wconf 88' lang='lat' dir='ltr'>dum</span> <span class='ocrx_word' id='word_1_82' title='bbox 337 2084 481 2170; x_wconf 85' lang='lat' dir='ltr'>treugas</span> <span class='ocrx_word' id='word_1_83' title='bbox 515 2072 615 2160; x_wconf 90' lang='lat' dir='ltr'>istas,</span> <span class='ocrx_word' id='word_1_84' title='bbox 644 2083 681 2147; x_wconf 91' lang='lat' dir='ltr'>et</span> <span class='ocrx_word' id='word_1_85' title='bbox 710 2096 836 2146; x_wconf 91' lang='lat' dir='ltr'>earum</span> <span class='ocrx_word' id='word_1_86' title='bbox 865 2076 988 2151; x_wconf 92' lang='lat' dir='ltr'>omnia</span> <span class='ocrx_word' id='word_1_87' title='bbox 1021 2087 1169 2173; x_wconf 85' lang='lat' dir='ltr'>puncta,</span> 
     </span>
     <span class='ocr_line' id='line_1_14' title="bbox 213 2189 1169 2288; baseline 0.004 -25"><span class='ocrx_word' id='word_1_88' title='bbox 213 2199 253 2263; x_wconf 87' lang='lat' dir='ltr'>et</span> <span class='ocrx_word' id='word_1_89' title='bbox 285 2191 383 2286; x_wconf 91' lang='lat' dir='ltr'>quod</span> <span class='ocrx_word' id='word_1_90' title='bbox 420 2213 488 2262; x_wconf 90' lang='lat' dir='ltr'>nec</span> <span class='ocrx_word' id='word_1_91' title='bbox 523 2213 588 2286; x_wconf 89' lang='lat' dir='ltr'>per</span> <span class='ocrx_word' id='word_1_92' title='bbox 625 2189 730 2262; x_wconf 93' lang='lat' dir='ltr'>illum</span> <span class='ocrx_word' id='word_1_93' title='bbox 762 2214 831 2263; x_wconf 91' lang='lat' dir='ltr'>nec</span> <span class='ocrx_word' id='word_1_94' title='bbox 864 2192 1023 2288; x_wconf 90' lang='lat' dir='ltr'>aliquem</span> <span class='ocrx_word' id='word_1_95' title='bbox 1056 2194 1169 2267; x_wconf 92' lang='lat' dir='ltr'>alium</span> 
     </span>
     <span class='ocr_line' id='line_1_15' title="bbox 215 2303 1169 2398; baseline 0.002 -19"><span class='ocrx_word' id='word_1_96' title='bbox 215 2308 360 2379; x_wconf 90' lang='lat' dir='ltr'>nomine</span> <span class='ocrx_word' id='word_1_97' title='bbox 387 2328 454 2377; x_wconf 89' lang='lat' dir='ltr'>suo</span> <span class='ocrx_word' id='word_1_98' title='bbox 482 2303 717 2376; x_wconf 88' lang='lat' dir='ltr'>suscitabitur</span> <span class='ocrx_word' id='word_1_99' title='bbox 747 2329 876 2398; x_wconf 90' lang='lat' dir='ltr'>guerra</span> <span class='ocrx_word' id='word_1_100' title='bbox 905 2316 1032 2379; x_wconf 89' lang='lat' dir='ltr'>contra</span> <span class='ocrx_word' id='word_1_101' title='bbox 1060 2307 1169 2382; x_wconf 88' lang='lat' dir='ltr'>Flan-</span> 
     </span>
    </p>
   </div>
   <div class='ocr_carea' id='block_1_3' title="bbox 211 2417 1197 2627">
    <p class='ocr_par' dir='ltr' id='par_1_3' title="bbox 211 2417 1197 2627">
     <span class='ocr_line' id='line_1_16' title="bbox 214 2417 1169 2517; baseline 0.001 -23"><span class='ocrx_word' id='word_1_102' title='bbox 214 2421 329 2494; x_wconf 92' lang='lat' dir='ltr'>driam</span> <span class='ocrx_word' id='word_1_103' title='bbox 359 2444 424 2492; x_wconf 90' lang='lat' dir='ltr'>seu</span> <span class='ocrx_word' id='word_1_104' title='bbox 456 2417 695 2489; x_wconf 62' lang='lat' dir='ltr'>flandrenses</span> <span class='ocrx_word' id='word_1_105' title='bbox 729 2442 796 2514; x_wconf 90' lang='lat' dir='ltr'>pro</span> <span class='ocrx_word' id='word_1_106' title='bbox 830 2427 993 2515; x_wconf 90' lang='lat' dir='ltr'>tempore</span> <span class='ocrx_word' id='word_1_107' title='bbox 1026 2427 1169 2517; x_wconf 87' lang='lat' dir='ltr'>treuga-</span> 
     </span>
     <span class='ocr_line' id='line_1_17' title="bbox 211 2529 1197 2627; baseline -0.001 -21"><span class='ocrx_word' id='word_1_108' title='bbox 211 2555 307 2606; x_wconf 86' lang='lat' dir='ltr'>rum.</span> <span class='ocrx_word' id='word_1_109' title='bbox 359 2529 453 2602; x_wconf 88' lang='lat' dir='ltr'>Item</span> <span class='ocrx_word' id='word_1_110' title='bbox 470 2551 596 2601; x_wconf 92' lang='lat' dir='ltr'>omnes</span> <span class='ocrx_word' id='word_1_111' title='bbox 613 2552 780 2624; x_wconf 86' lang='lat' dir='ltr'>proceres</span> <span class='ocrx_word' id='word_1_112' title='bbox 803 2536 840 2601; x_wconf 89' lang='lat' dir='ltr'>et</span> <span class='ocrx_word' id='word_1_113' title='bbox 863 2530 1042 2626; x_wconf 85' lang='lat' dir='ltr'>capitanei</span> <span class='ocrx_word' id='word_1_114' title='bbox 1063 2557 1169 2627; x_wconf 90' lang='lat' dir='ltr'>guer-</span> <span class='ocrx_word' id='word_1_115' title='bbox 1195 2541 1197 2545; x_wconf 83' lang='lat'>&#39;</span> 
     </span>
    </p>
   </div>
   <div class='ocr_carea' id='block_1_4' title="bbox 119 2643 1170 4361">
    <p class='ocr_par' dir='ltr' id='par_1_4' title="bbox 213 2643 1170 2741">
     <span class='ocr_line' id='line_1_18' title="bbox 213 2643 1170 2741; baseline 0.002 -22"><span class='ocrx_word' id='word_1_116' title='bbox 213 2672 261 2719; x_wconf 86' lang='lat' dir='ltr'>rae</span> <span class='ocrx_word' id='word_1_117' title='bbox 288 2643 485 2717; x_wconf 88' lang='lat' dir='ltr'>Britanniae</span> <span class='ocrx_word' id='word_1_118' title='bbox 511 2666 556 2714; x_wconf 92' lang='lat' dir='ltr'><strong>ex</strong></span> <span class='ocrx_word' id='word_1_119' title='bbox 579 2651 735 2737; x_wconf 89' lang='lat' dir='ltr'>utraque</span> <span class='ocrx_word' id='word_1_120' title='bbox 760 2651 863 2739; x_wconf 90' lang='lat' dir='ltr'>parte</span> <span class='ocrx_word' id='word_1_121' title='bbox 889 2645 963 2718; x_wconf 91' lang='lat' dir='ltr'>sint</span> <span class='ocrx_word' id='word_1_122' title='bbox 984 2647 1097 2741; x_wconf 90' lang='lat' dir='ltr'>jurati</span> <span class='ocrx_word' id='word_1_123' title='bbox 1122 2650 1170 2722; x_wconf 92' lang='lat' dir='ltr'>ad</span> 
     </span>
    </p>

    <p class='ocr_par' dir='ltr' id='par_1_5' title="bbox 119 2756 1169 4361">
     <span class='ocr_line' id='line_1_19' title="bbox 212 2756 1169 2857; baseline 0.001 -22"><span class='ocrx_word' id='word_1_124' title='bbox 212 2762 412 2836; x_wconf 88' lang='lat' dir='ltr'>tenendum</span> <span class='ocrx_word' id='word_1_125' title='bbox 437 2766 581 2853; x_wconf 86' lang='lat' dir='ltr'>treugas</span> <span class='ocrx_word' id='word_1_126' title='bbox 609 2756 709 2830; x_wconf 88' lang='lat' dir='ltr'>istas.</span> <span class='ocrx_word' id='word_1_127' title='bbox 754 2758 859 2848; x_wconf 34' lang='lat' dir='ltr'><strong>,Item</strong></span> <span class='ocrx_word' id='word_1_128' title='bbox 884 2768 1014 2833; x_wconf 88' lang='lat' dir='ltr'>neuter</span> <span class='ocrx_word' id='word_1_129' title='bbox 1040 2785 1169 2857; x_wconf 92' lang='lat' dir='ltr'>regum</span> 
     </span>
     <span class='ocr_line' id='line_1_20' title="bbox 119 2855 1168 2974; baseline -0.001 -24"><span class='ocrx_word' id='word_1_130' title='bbox 119 2855 125 2860; x_wconf 17' lang='grc' dir='ltr'>ι</span> <span class='ocrx_word' id='word_1_131' title='bbox 212 2902 280 2974; x_wconf 90' lang='lat' dir='ltr'>pro</span> <span class='ocrx_word' id='word_1_132' title='bbox 297 2888 460 2972; x_wconf 89' lang='lat' dir='ltr'>tempore</span> <span class='ocrx_word' id='word_1_133' title='bbox 481 2883 691 2969; x_wconf 85' lang='lat' dir='ltr'>treugarum</span> <span class='ocrx_word' id='word_1_134' title='bbox 711 2872 862 2946; x_wconf 89' lang='lat' dir='ltr'>intrabit</span> <span class='ocrx_word' id='word_1_135' title='bbox 881 2874 1062 2948; x_wconf 85' lang='lat' dir='ltr'>hostiliter</span> <span class='ocrx_word' id='word_1_136' title='bbox 1079 2878 1168 2949; x_wconf 82' lang='lat' dir='ltr'>alte·</span> 
     </span>
     <span class='ocr_line' id='line_1_21' title="bbox 211 2989 1169 3078; baseline -0.002 -11"><span class='ocrx_word' id='word_1_137' title='bbox 211 2994 288 3067; x_wconf 90' lang='lat' dir='ltr'>rius</span> <span class='ocrx_word' id='word_1_138' title='bbox 322 3002 468 3078; x_wconf 85' lang='lat' dir='ltr'>terram,</span> <span class='ocrx_word' id='word_1_139' title='bbox 504 3013 571 3063; x_wconf 90' lang='lat' dir='ltr'>nec</span> <span class='ocrx_word' id='word_1_140' title='bbox 606 3012 728 3062; x_wconf 91' lang='lat' dir='ltr'>comes</span> <span class='ocrx_word' id='word_1_141' title='bbox 762 2989 994 3066; x_wconf 83' lang='lat' dir='ltr'>Ilandrensis</span> <span class='ocrx_word' id='word_1_142' title='bbox 1034 3000 1169 3066; x_wconf 91' lang='lat' dir='ltr'>terram</span> 
     </span>
     <span class='ocr_line' id='line_1_22' title="bbox 210 3101 1167 3203; baseline 0.001 -22"><span class='ocrx_word' id='word_1_143' title='bbox 210 3108 398 3190; x_wconf 80' lang='lat' dir='ltr'>Flandriae.</span> <span class='ocrx_word' id='word_1_144' title='bbox 447 3105 542 3179; x_wconf 90' lang='lat' dir='ltr'><strong>Item</strong></span> <span class='ocrx_word' id='word_1_145' title='bbox 559 3128 675 3200; x_wconf 92' lang='lat' dir='ltr'>neque</span> <span class='ocrx_word' id='word_1_146' title='bbox 691 3128 755 3178; x_wconf 86' lang='lat' dir='ltr'>rex</span> <span class='ocrx_word' id='word_1_147' title='bbox 772 3101 933 3179; x_wconf 83' lang='lat' dir='ltr'>Franciae</span> <span class='ocrx_word' id='word_1_148' title='bbox 951 3130 1019 3180; x_wconf 90' lang='lat' dir='ltr'>nec</span> <span class='ocrx_word' id='word_1_149' title='bbox 1036 3107 1167 3203; x_wconf 87' lang='lat' dir='ltr'>aliquis</span> 
     </span>
     <span class='ocr_line' id='line_1_23' title="bbox 211 3220 1166 3299; baseline 0.001 -1"><span class='ocrx_word' id='word_1_150' title='bbox 211 3226 303 3298; x_wconf 91' lang='lat' dir='ltr'>alius</span> <span class='ocrx_word' id='word_1_151' title='bbox 327 3223 474 3297; x_wconf 91' lang='lat' dir='ltr'>nomine</span> <span class='ocrx_word' id='word_1_152' title='bbox 497 3246 565 3296; x_wconf 92' lang='lat' dir='ltr'>suo</span> <span class='ocrx_word' id='word_1_153' title='bbox 588 3220 735 3294; x_wconf 92' lang='lat' dir='ltr'>habebit</span> <span class='ocrx_word' id='word_1_154' title='bbox 757 3228 954 3296; x_wconf 86' lang='lat' dir='ltr'>tractatum</span> <span class='ocrx_word' id='word_1_155' title='bbox 978 3225 1166 3299; x_wconf 90' lang='lat' dir='ltr'>occultum</span> 
     </span>
     <span class='ocr_line' id='line_1_24' title="bbox 211 3336 1164 3437; baseline -0.002 -21"><span class='ocrx_word' id='word_1_156' title='bbox 211 3367 274 3416; x_wconf 90' lang='lat' dir='ltr'>seu</span> <span class='ocrx_word' id='word_1_157' title='bbox 297 3341 530 3416; x_wconf 88' lang='lat' dir='ltr'>manifestum</span> <span class='ocrx_word' id='word_1_158' title='bbox 547 3362 633 3416; x_wconf 88' lang='lat' dir='ltr'>cum</span> <span class='ocrx_word' id='word_1_159' title='bbox 648 3336 943 3426; x_wconf 86' lang='lat' dir='ltr'>Flandrensibus,</span> <span class='ocrx_word' id='word_1_160' title='bbox 961 3339 1020 3412; x_wconf 89' lang='lat' dir='ltr'>vel</span> <span class='ocrx_word' id='word_1_161' title='bbox 1042 3341 1164 3437; x_wconf 87' lang='lat' dir='ltr'>aliquo</span> 
     </span>
     <span class='ocr_line' id='line_1_25' title="bbox 210 3455 1162 3551; baseline 0 -21"><span class='ocrx_word' id='word_1_162' title='bbox 210 3459 365 3531; x_wconf 87' lang='lat' dir='ltr'>istorum</span> <span class='ocrx_word' id='word_1_163' title='bbox 397 3457 436 3528; x_wconf 93' lang='lat' dir='ltr'>in</span> <span class='ocrx_word' id='word_1_164' title='bbox 469 3455 710 3551; x_wconf 90' lang='lat' dir='ltr'>irruptionem</span> <span class='ocrx_word' id='word_1_165' title='bbox 738 3476 804 3526; x_wconf 90' lang='lat' dir='ltr'>seu</span> <span class='ocrx_word' id='word_1_166' title='bbox 833 3455 1162 3547; x_wconf 89' lang='lat' dir='ltr'>contrariationem,</span> 
     </span>
     <span class='ocr_line' id='line_1_26' title="bbox 209 3568 1162 3666; baseline 0 -21"><span class='ocrx_word' id='word_1_167' title='bbox 209 3597 274 3646; x_wconf 88' lang='lat' dir='ltr'>seu</span> <span class='ocrx_word' id='word_1_168' title='bbox 297 3570 443 3666; x_wconf 92' lang='lat' dir='ltr'>aliquod</span> <span class='ocrx_word' id='word_1_169' title='bbox 465 3569 716 3666; x_wconf 88' lang='lat' dir='ltr'>praejudicium</span> <span class='ocrx_word' id='word_1_170' title='bbox 742 3568 992 3644; x_wconf 88' lang='lat' dir='ltr'>submissionis</span> <span class='ocrx_word' id='word_1_171' title='bbox 1016 3580 1052 3644; x_wconf 93' lang='lat' dir='ltr'><strong>et</strong></span> <span class='ocrx_word' id='word_1_172' title='bbox 1075 3597 1162 3652; x_wconf 89' lang='lat' dir='ltr'>con-</span> 
     </span>
     <span class='ocr_line' id='line_1_27' title="bbox 207 3684 1160 3782; baseline 0.001 -20"><span class='ocrx_word' id='word_1_173' title='bbox 207 3687 400 3773; x_wconf 86' lang='lat' dir='ltr'>ventionis,</span> <span class='ocrx_word' id='word_1_174' title='bbox 420 3686 551 3781; x_wconf 91' lang='lat' dir='ltr'>quibus</span> <span class='ocrx_word' id='word_1_175' title='bbox 576 3685 652 3780; x_wconf 91' lang='lat' dir='ltr'>regi</span> <span class='ocrx_word' id='word_1_176' title='bbox 669 3684 810 3782; x_wconf 86' lang='lat' dir='ltr'>Angliae</span> <span class='ocrx_word' id='word_1_177' title='bbox 838 3709 876 3759; x_wconf 91' lang='lat' dir='ltr'>se</span> <span class='ocrx_word' id='word_1_178' title='bbox 902 3688 1160 3780; x_wconf 90' lang='lat' dir='ltr'>submiserunt,</span> 
     </span>
     <span class='ocr_line' id='line_1_28' title="bbox 207 3800 1160 3898; baseline 0.001 -19"><span class='ocrx_word' id='word_1_179' title='bbox 207 3805 271 3880; x_wconf 91' lang='lat' dir='ltr'>sed</span> <span class='ocrx_word' id='word_1_180' title='bbox 290 3827 358 3878; x_wconf 88' lang='lat' dir='ltr'>nec</span> <span class='ocrx_word' id='word_1_181' title='bbox 381 3825 466 3875; x_wconf 91' lang='lat' dir='ltr'>cum</span> <span class='ocrx_word' id='word_1_182' title='bbox 489 3800 610 3896; x_wconf 86' lang='lat' dir='ltr'>aliquo</span> <span class='ocrx_word' id='word_1_183' title='bbox 631 3800 702 3874; x_wconf 85' lang='lat' dir='ltr'>alio</span> <span class='ocrx_word' id='word_1_184' title='bbox 722 3801 798 3897; x_wconf 89' lang='lat' dir='ltr'>regi</span> <span class='ocrx_word' id='word_1_185' title='bbox 817 3801 957 3898; x_wconf 85' lang='lat' dir='ltr'>Angliae</span> <span class='ocrx_word' id='word_1_186' title='bbox 977 3806 1160 3880; x_wconf 82' lang='lat' dir='ltr'>consoede-</span> 
     </span>
     <span class='ocr_line' id='line_1_29' title="bbox 205 3917 1159 4016; baseline -0.002 -21"><span class='ocrx_word' id='word_1_187' title='bbox 205 3929 296 3996; x_wconf 87' lang='lat' dir='ltr'>rato.</span> <span class='ocrx_word' id='word_1_188' title='bbox 351 3919 445 3993; x_wconf 89' lang='lat' dir='ltr'><strong>Item</strong></span> <span class='ocrx_word' id='word_1_189' title='bbox 471 3940 517 3988; x_wconf 89' lang='lat' dir='ltr'><strong>ex</strong></span> <span class='ocrx_word' id='word_1_190' title='bbox 541 3925 644 4014; x_wconf 87' lang='lat' dir='ltr'>parte</span> <span class='ocrx_word' id='word_1_191' title='bbox 668 3918 763 4013; x_wconf 89' lang='lat' dir='ltr'>regis</span> <span class='ocrx_word' id='word_1_192' title='bbox 787 3917 929 4014; x_wconf 85' lang='lat' dir='ltr'>Angliae</span> <span class='ocrx_word' id='word_1_193' title='bbox 956 3920 1024 3993; x_wconf 90' lang='lat' dir='ltr'>erit</span> <span class='ocrx_word' id='word_1_194' title='bbox 1049 3945 1159 4016; x_wconf 86' lang='lat' dir='ltr'>prox-</span> 
     </span>
     <span class='ocr_line' id='line_1_30' title="bbox 205 4023 1160 4132; baseline -0.003 -21"><span class='ocrx_word' id='word_1_195' title='bbox 205 4038 300 4111; x_wconf 90' lang='lat' dir='ltr'>imus</span> <span class='ocrx_word' id='word_1_196' title='bbox 333 4033 541 4132; x_wconf 85' lang='lat' dir='ltr'>praecedens</span> <span class='ocrx_word' id='word_1_197' title='bbox 574 4023 747 4110; x_wconf 85' lang='lat' dir='ltr'>articulus</span> <span class='ocrx_word' id='word_1_198' title='bbox 781 4035 1007 4122; x_wconf 85' lang='lat' dir='ltr'>observatus,</span> <span class='ocrx_word' id='word_1_199' title='bbox 1038 4037 1160 4131; x_wconf 90' lang='lat' dir='ltr'>quoad</span> 
     </span>
     <span class='ocr_line' id='line_1_31' title="bbox 204 4148 1159 4244; baseline 0 -18"><span class='ocrx_word' id='word_1_200' title='bbox 204 4175 332 4236; x_wconf 87' lang='lat' dir='ltr'>omnes</span> <span class='ocrx_word' id='word_1_201' title='bbox 361 4149 495 4223; x_wconf 88' lang='lat' dir='ltr'>amicos</span> <span class='ocrx_word' id='word_1_202' title='bbox 526 4149 620 4244; x_wconf 90' lang='lat' dir='ltr'>regis</span> <span class='ocrx_word' id='word_1_203' title='bbox 646 4148 808 4228; x_wconf 83' lang='lat' dir='ltr'>Franoiae</span> <span class='ocrx_word' id='word_1_204' title='bbox 838 4173 903 4222; x_wconf 91' lang='lat' dir='ltr'>seu</span> <span class='ocrx_word' id='word_1_205' title='bbox 932 4149 1001 4224; x_wconf 86' lang='lat' dir='ltr'>sibi</span> <span class='ocrx_word' id='word_1_206' title='bbox 1029 4151 1159 4244; x_wconf 89' lang='lat' dir='ltr'>quovis</span> 
     </span>
     <span class='ocr_line' id='line_1_32' title="bbox 203 4265 1158 4361; baseline -0.01 -15"><span class='ocrx_word' id='word_1_207' title='bbox 203 4269 313 4346; x_wconf 90' lang='lat' dir='ltr'>modo</span> <span class='ocrx_word' id='word_1_208' title='bbox 330 4266 605 4344; x_wconf 85' lang='lat' dir='ltr'>confoederatos.</span> <span class='ocrx_word' id='word_1_209' title='bbox 658 4265 753 4340; x_wconf 89' lang='lat' dir='ltr'><strong>Item</strong></span> <span class='ocrx_word' id='word_1_210' title='bbox 769 4266 868 4361; x_wconf 89' lang='lat' dir='ltr'>quod</span> <span class='ocrx_word' id='word_1_211' title='bbox 891 4265 992 4340; x_wconf 88' lang='lat' dir='ltr'>nulla</span> <span class='ocrx_word' id='word_1_212' title='bbox 1005 4265 1158 4347; x_wconf 84' lang='lat' dir='ltr'>novitas</span> 
     </span>
    </p>
   </div>
   <div class='ocr_carea' id='block_1_5' title="bbox 0 0 1564 5008">
    <p class='ocr_par' dir='ltr' id='par_1_6' title="bbox 0 0 1564 5008">
     <span class='ocr_line' id='line_1_33' title="bbox 0 0 1564 5008; baseline 0 7"><span class='ocrx_word' id='word_1_213' title='bbox 0 0 1564 5008; x_wconf 95' lang='lat' dir='ltr'> </span> 
     </span>
    </p>
   </div>
  </div>
 </body>
</html>
