3136 5016
281 661 453 753 nn.11.7.]
499 685 545 733 un
565 685 692 733 saxna
711 685 759 733 nn
779 685 1019 734 swrnsnoxn.
1185 665 1231 736 55

327 811 438 883 Anno
455 810 595 883 Christi
617 813 711 883 1313
736 820 773 884 et
796 811 910 908 ipsius
927 811 1021 908 regis
1041 807 1138 898 7m0,
1156 811 1232 885 An-

277 927 358 1022 gliae
380 927 509 1000 militia
531 929 725 1024 impatiens
746 928 961 1023 injuriarum
979 952 1068 1024 quas
1092 928 1231 1002 Ruber-

276 1052 336 1116 tus
366 1046 400 1116 lc
432 1043 550 1141 Bruys
584 1054 621 1117 et
653 1069 728 1117 suae
762 1045 977 1140 conspiratae
1007 1044 1230 1118 infidelitatis

277 1169 405 1233 contra
438 1185 559 1256 regem
593 1161 734 1256 Angliae
768 1149 958 1257 proditiosi
995 1161 1154 1234 fautores
1192 1163 1231 1235 in

279 1275 402 1350 Scotia
435 1285 700 1373 perpetrarunt,
732 1277 799 1348 sub
832 1277 969 1349 ducatu
1002 1278 1096 1372 regis
1125 1279 1231 1373 juxta

277 1416 414 1488 pagum
435 1392 578 1480 Scotiae,
597 1416 707 1488 quem
730 1392 913 1488 Strivelyn
936 1393 1113 1488 indigenae
1136 1417 1229 1466 nun-

276 1518 471 1606 cuparunt,
497 1532 536 1580 se
562 1509 792 1596 coadunavit,
820 1509 859 1580 in
882 1508 1006 1603 vigilia
1030 1508 1229 1582 nativitatis

277 1625 394 1698 saneti
425 1623 579 1696 Joannis
616 1625 795 1720 baptistae.
865 1622 958 1696 Illuc
990 1625 1230 1719 Anglicorum

275 1764 412 1836 pompa
433 1763 548 1834 usque
571 1747 661 1812 tunc
685 1739 791 1812 solita
816 1740 855 1811 in
878 1739 981 1834 cquis
1006 1739 1228 1835 belligerare,
1261 1807 1269 1826 ,

275 1857 398 1953 copias
425 1856 588 1942 adduxit,
615 1855 841 1928 cursantium
868 1855 1144 1943 dextrariorum,
1172 1880 1229 1929 ar-

275 1996 420 2044 morum
446 1971 677 2059 radiantium,
705 1971 914 2066 militiaeque
941 1968 1095 2066 copiam,
1123 1973 1227 2066 cujus

275 2087 458 2160 temeritas
500 2087 654 2159 nimium
701 2095 1002 2182 praesumptuosa,
1047 2086 1115 2159 sibi
1157 2087 1228 2183 ipsi

274 2202 491 2275 blandiendo
532 2202 750 2298 promittens
792 2201 994 2290 victoriam,
1030 2227 1140 2297 quam
1183 2203 1229 2276 de

274 2319 350 2392 suis
366 2319 504 2392 viribus
522 2319 797 2414 desperantibus
818 2318 910 2391 solet
933 2318 1130 2414 imperator
1146 2320 1228 2391 uni-

274 2435 370 2507 versi
399 2435 575 2521 conferre,
603 2435 648 2506 de
678 2457 744 2506 sua
773 2434 966 2506 securitate
993 2432 1083 2506 adeo
1110 2434 1228 2508 luerat

274 2549 424 2635 confisa,
458 2560 513 2635 ut,
547 2557 678 2644 praeter
711 2548 952 2620 necessariam
988 2547 1041 2618 rei
1081 2547 1228 2621 militari

274 2689 453 2760 equorum
476 2674 514 2737 et
536 2688 721 2736 armorum
744 2673 852 2757 atque
875 2663 1089 2735 victualium
1114 2665 1227 2737 abun-

275 2782 447 2868 dantiam,
470 2804 557 2854 vasa
582 2803 727 2876 quoque
752 2802 860 2851 aurea
885 2787 921 2851 et
947 2787 1126 2873 argentea,
1149 2781 1228 2876 qui,

274 2898 343 2971 bus
361 2897 521 2993 quolibet
544 2896 644 2992 pacis
662 2905 826 2990 tempore
843 2896 962 2967 solent
981 2896 1109 2967 mundi
1129 2897 1229 2993 prin-

274 3013 399 3110 cipum
422 3013 588 3086 convivia
610 3011 808 3097 luxuriare,
831 3035 956 3084 secum
980 3010 1140 3084 facerent
1166 3013 1227 3084 de-

273 3127 368 3202 ferri.
437 3129 638 3223 Nunquam
675 3137 765 3200 tunc
797 3135 994 3222 praesentes
1028 3136 1135 3200 antea
1168 3130 1226 3202 vel

273 3253 357 3340 post
379 3254 519 3319 tantam
542 3244 780 3331 nobilitatem,
798 3253 875 3316 tam
896 3244 1054 3316 nobilem
1075 3267 1225 3340 appara-

274 3368 365 3447 tum,
401 3370 504 3435 tanta
541 3360 709 3456 superbia
746 3360 989 3432 intumentem
1021 3360 1114 3432 vidit
1147 3362 1225 3434 solo

273 3499 410 3570 guerrae
435 3475 567 3550 Martis
593 3477 709 3549 favori
735 3475 1001 3562 commendare,
1020 3482 1063 3546 ut
1087 3499 1226 3572 pauper

273 3592 333 3664 ille
351 3590 558 3680 Carmenta,
577 3592 687 3666 frater
710 3593 755 3665 R.
775 3592 935 3664 Bastone
957 3592 997 3663 in
1020 3592 1096 3664 suis
1119 3592 1224 3666 hero-

272 3709 338 3782 icis
357 3710 402 3781 de
419 3710 548 3783 eodem
563 3711 669 3797 bello,
690 3734 762 3804 quo
784 3732 943 3803 praesens
962 3732 983 3780 a
1001 3705 1120 3782 Scotis
1138 3733 1223 3805 eap-

272 3833 343 3912 tus,
374 3824 559 3920 deplanxit
592 3827 770 3898 luctuose.
822 3823 987 3897 Vidisses
1021 3824 1085 3896 illa
1117 3834 1224 3898 nocte

271 3950 416 4036 gentem
426 3940 642 4038 Anglorum,
660 3966 736 4014 non
752 3940 964 4035 angelorum
981 3963 1081 4012 more
1097 3941 1223 4012 viven-

270 4058 363 4131 tium
389 4060 454 4130 sed
477 4059 563 4132 vino
589 4059 825 4144 madentium,
844 4058 1032 4153 crapulam
1058 4064 1224 4128 eructan-

270 4175 375 4262 tium,
394 4175 582 4273 Wassayl!
612 4184 648 4249 'et
665 4173 868 4248 Drmkhalt
894 4174 978 4269 plus
1000 4171 1106 4241 solito
1126 4171 1222 4242 into-

269 4292 447 4379 nantium,
466 4300 615 4366 econtra
633 4291 761 4364 Scotos
779 4289 926 4362 silentes
949 4293 1112 4359 sanctam
1129 4287 1221 4382 vigi-
