3136 5016
263 648 441 738 nn.1.3l.]
477 671 523 719 nn
543 670 670 718 sauss
690 669 737 717 nn
758 669 998 719 swmsrorm.
1163 646 1211 723 47

261 798 450 896 quae-solet
467 796 710 870 munitissima
730 820 949 892 expugnare,
968 797 1095 885 solam,
1113 797 1213 870 vide-

260 915 345 988 licet
364 913 510 1000 famem,
530 913 704 1010 quamdiu
726 912 927 1001 defensum,
946 914 1055 988 salvis
1077 913 1154 987 vita
1177 924 1214 988 et

261 1030 432 1103 membris
448 1029 605 1102 finaliter
621 1028 866 1102 reddiderunt.
920 1028 1051 1103 Postea
1067 1055 1132 1104 rex
1149 1032 1212 1104 ob-

260 1146 353 1219 sedit
378 1156 540 1219 castrum
565 1147 610 1217 de
630 1144 764 1217 Vrihin
787 1155 823 1218 et
850 1145 944 1220 infra
972 1149 1021 1218 20
1049 1147 1125 1220 dies
1152 1171 1213 1220 ex-

261 1272 464 1359 pugnatum
492 1261 600 1356 cepit.
653 1259 737 1333 Hoc
764 1284 859 1333 anno
886 1262 982 1335 inter
1010 1286 1112 1358 reges
1137 1262 1213 1336 An-

263 1379 344 1474 gliae
379 1387 415 1451 et
447 1377 608 1449 Franciae
637 1401 725 1472 pace
755 1377 959 1463 reformata,
991 1379 1131 1450 reddita
1160 1389 1215 1451 est

262 1494 426 1590 Anglicis
445 1492 637 1581 Gasconia,
657 1488 737 1588 quae
754 1493 890 1566 diutius
906 1494 1041 1589 injuste
1058 1494 1178 1567 extitit
1194 1519 1216 1567 a

264 1610 380 1683 Gallis
406 1618 594 1704 occupata.
648 1608 725 1681 Isto
748 1633 892 1706 quoque
916 1633 1011 1682 anno
1034 1610 1072 1682 in
1096 1610 1216 1706 vigilia

137 1769 145 1782 ι
263 1725 461 1798 nativitatis
480 1726 597 1797 beatae
613 1723 753 1811 Mariae,
773 1734 902 1822 captus
925 1733 982 1798 est
1004 1725 1214 1800 Bonilacius

263 1866 357 1938 papa
385 1841 580 1938 praedietus
609 1841 648 1912 in
679 1840 889 1938 Campania,
919 1841 1065 1916 civitate
1092 1842 1215 1939 Agna·

263 1959 342 2045 niae,
362 1958 406 2030 de
432 1981 503 2053 qua
529 1955 649 2029 extitit
676 1957 863 2044 oriundus,
888 1968 1106 2054 procurante
1132 1983 1215 2056 rege

264 2075 423 2148 Franciae
447 2098 512 2169 per
538 2097 623 2146 suos
649 2074 796 2147 nuntios
820 2073 881 2146 W.
910 2075 954 2148 de
979 2075 1152 2172 Rogarito
1178 2086 1216 2151 et

265 2193 325 2268 W.
351 2195 395 2268 de
420 2193 599 2284 Plasiano,
627 2204 735 2292 atque
763 2195 1072 2270 consentientibus
1099 2197 1215 2295 ipsius

263 2335 367 2412 papae
389 2310 627 2385 familiaribus
640 2314 685 2384 'et
705 2311 846 2384 vicinis.
898 2311 1106 2387 Thesaurus
1124 2339 1214 2411 quo·

264 2452 334 2525 que
363 2429 523 2501 eeclesias
553 2427 791 2524 depraedatus,
822 2428 900 2524 ipse
930 2429 1092 2525 insuper
1108 2454 1214 2527 papa,

264 2569 359 2640 equo
388 2545 566 2617 indomito
601 2545 760 2618 insidens
794 2545 931 2618 invitus
952 2547 1003 2618 *et
1036 2546 1216 2641 alligatus,

264 2662 356 2735 faeie
385 2685 512 2734 versus
542 2661 695 2734 caudam
728 2661 881 2734 effraenis
915 2663 998 2758 equi
1033 2687 1217 2752 conversa,

265 2802 376 2852 eursu
397 2777 510 2850 nimio
534 2775 726 2850 deserentis
743 2775 927 2871 fatigatus,
947 2777 1117 2873 spiritum
1134 2803 1219 2851 cum

265 2894 445 2968 sententia
457 2878 843 2967 excommunicationis
859 2893 898 2965 in
916 2894 1111 2988 degeneres
1124 2895 1217 2969 filios

265 3011 475 3113 propaginis
508 3009 638 3106 regalis
673 3009 859 3106 sanguinis
893 3009 1117 3084 Francorum
1155 3012 1218 3086 ad·

265 3152 380 3223 usque
407 3151 546 3200 nonum
576 3125 740 3222 gradum,
772 3125 981 3201 terribiliter
1008 3128 1239 3224 exspiravit.

268 3243 330 3316 6to
347 3244 429 3316 idus
447 3241 632 3330 Octobris,
651 3266 747 3315 anno
769 3245 876 3316 1304.

315 3359 425 3432 Anno
445 3357 610 3456 sequenti
635 3359 773 3432 seilicet
795 3358 933 3432 Christi
954 3361 1049 3431 1304
1071 3358 1218 3433 Bonifa-

267 3477 325 3549 eio
357 3477 531 3572 praedicto
564 3476 738 3549 successit
771 3475 991 3549 Benedictus
1025 3501 1120 3574 papa
1134 3569 1137 3574 Ι
1150 3476 1218 3566 ΧΙ,

267 3592 414 3665 natione
443 3591 683 3680 Lumbardus,
710 3592 773 3689 qui
803 3595 910 3665 llmo
939 3593 1113 3666 kalendas
1140 3593 1219 3666 No·

267 3708 425 3781 vembris
452 3707 580 3780 Romae
606 3708 676 3781 fuit
702 3709 851 3796 electus,
879 3717 915 3781 et
942 3709 1000 3782 die
1026 3708 1221 3784 Dominica

269 3824 435 3922 sequenti
457 3833 661 3898 coronatus.
713 3823 787 3898 Iste
809 3825 911 3922 prius
933 3825 1003 3898 fuit
1026 3825 1071 3898 de
1094 3827 1220 3900 ordine

269 3939 558 4038 praedicatorum,
584 3951 621 4015 et
650 3953 777 4039 postea
807 3942 997 4022 cardinalis
1026 3942 1219 4032 Ostiensis,
1280 3935 1287 3941 ’

269 4056 496 4155 finaliterque
513 4067 618 4156 pater
633 4067 791 4155 patrum,
812 4059 875 4155 qui
892 4059 1221 4133 excommunicavit

270 4183 307 4248 et
324 4175 657 4250 excommunicatos
675 4175 902 4248 denuntiavit
919 4198 1045 4248 omnes
1059 4174 1121 4270 qui
1135 4197 1219 4270 cap-

269 4291 360 4364 tioni
378 4293 650 4388 praedecessoris
669 4292 726 4366 sui
744 4300 1013 4377 consenserant,
1033 4299 1069 4363 et
1095 4299 1221 4387 postea
1293 4389 1294 4394 Ἰ
