3118 5008
354 575 405 688 88
583 619 585 624 ’
609 637 837 686 onuourcou
857 637 1041 686 ennrulur
1090 583 1184 707 [nm.
1198 616 1305 689 1326.

353 767 430 837 lum
460 764 701 846 infortunium
729 764 769 835 in
798 764 870 836 ima
899 762 1090 859 depressus
1121 763 1308 860 deplanxit

354 880 424 953 Dei
446 905 584 968 servus,
603 881 674 953 nisi
691 881 790 976 quod
811 904 902 953 uxor
919 905 997 967 sua,
1016 905 1125 976 quam
1147 905 1221 954 non
1241 907 1307 978 po-

354 997 426 1069 tuit
455 1020 530 1069 non
556 1020 690 1082 amare,
719 996 866 1068 nolebat
891 995 1014 1091 ipsum
1039 996 1174 1084 videre,
1201 999 1308 1092 cujus

355 1113 579 1209 amplexibus
609 1113 803 1208 plusquam
832 1136 898 1207 per
924 1135 1062 1184 annum
1086 1113 1180 1186 vixit
1203 1114 1307 1186 vidu-

354 1238 447 1315 atuS,
467 1239 503 1302 et
519 1230 618 1325 quod
634 1253 702 1302 neo
720 1229 783 1300 illa
797 1227 962 1323 permisit
977 1228 1095 1301 filium
1111 1253 1220 1301 suum
1242 1253 1308 1302 no-¹

354 1369 444 1416 vum
460 1370 595 1442 regem,
614 1354 677 1418 aut
694 1345 834 1440 aliquos
852 1367 1003 1416 suorum
1020 1344 1217 1416 liberorum
1240 1345 1308 1418 sibi

355 1463 580 1557 praesentiale
602 1462 773 1534 solatium
794 1460 964 1555 praebere.
1019 1457 1122 1542 Quot
1143 1484 1309 1534 amorosa

356 1580 550 1651 teleumata
580 1602 668 1650 voce
700 1576 881 1648 submissa
910 1584 1082 1671 tanquam
1117 1577 1207 1649 alter
1237 1577 1309 1649 Or-

355 1694 472 1790 pheus
495 1694 688 1780 continuit,
708 1692 772 1765 sed
794 1692 999 1764 incassum:
1026 1691 1096 1764 ab!
1123 1692 1191 1764 ah!
1219 1716 1307 1788 quo-

356 1811 424 1882 ties
448 1809 593 1882 deflevit
611 1808 783 1904 querulus
801 1806 900 1902 quod
915 1815 992 1879 tam
1009 1831 1182 1902 generosa
1199 1817 1235 1880 et
1251 1817 1309 1882 tot

356 1936 495 1999 naturae
517 1927 663 1999 dotibus
684 1935 761 1998 tam
785 1926 959 2021 speciosa,
987 1927 1108 2020 potuit
1133 1926 1308 2022 proditio-

356 2043 412 2114 nis
434 2042 623 2114 amaricari
645 2041 748 2114 felle!
774 2041 1065 2114 auscultantibus
1082 2026 1308 2137 'quandoque

295 2219 298 2226 ,
356 2181 431 2230 non
453 2158 553 2230 siluit
576 2158 644 2230 sub
664 2158 885 2253 jurameut0,
905 2159 1003 2253 quod
1023 2167 1217 2253 postquam
1234 2158 1308 2254 pri-

356 2299 418 2346 mo
440 2275 533 2347 vidit
555 2275 665 2361 illam,
689 2299 878 2371 nunquam
903 2275 1009 2346 aliam
1032 2275 1220 2348 mulierem
1242 2299 1307 2370 po·
1367 2294 1370 2299 ·

358 2391 428 2464 tuit
449 2415 581 2465 amare.
634 2390 768 2463 Amore
790 2390 995 2485 languentis
1019 2389 1219 2462 incaeteris
1244 2388 1307 2460 ad-

355 2507 469 2580 versis
499 2507 674 2604 patientia
701 2506 873 2578 comitem
900 2504 1090 2579 custodem
1117 2513 1153 2577 et
1181 2528 1307 2577 omnes

356 2623 504 2696 illorum
542 2623 736 2696 familiares
779 2622 826 2694 ad
867 2621 1135 2694 miserationem
1167 2630 1308 2693 tantam

356 2739 581 2833 provocavit,
600 2739 698 2835 quod
721 2736 885 2833 generosi
905 2736 1031 2809 militis
1051 2761 1209 2809 amorem
1230 2736 1306 2807 lan-

357 2856 518 2950 guidum,
536 2856 661 2927 uxoris
685 2877 759 2925 suae
782 2853 883 2925 cordi
909 2853 1046 2925 duriori
1070 2853 1201 2926 incude
1223 2851 1308 2924 ada-

357 2975 522 3045 mantino
550 2997 626 3044 non
656 2971 871 3043 dimiserunt
899 2970 1079 3057 nuntiare,
1110 2972 1207 3043 unde
1234 2995 1308 3043 non
1400 3023 1401 3026 ,

358 3111 479 3159 amore
501 3096 602 3158 mota
625 3085 689 3158 sed
712 3085 825 3157 furori
843 3081 1025 3156 commota
1040 3085 1156 3156 ferrea
1172 3087 1308 3180 virag0,

357 3211 496 3274 secreto
509 3201 669 3294 cogitatu
687 3199 800 3294 coepit
817 3221 1066 3293 expavescere,
1085 3221 1131 3270 ne
1147 3222 1311 3294 unquam

357 3305 637 3412 per'ecclesiam
659 3314 801 3387 miseris
829 3323 1040 3386 consuetam
1068 3313 1230 3386 misereri
1255 3315 1309 3387 fo-

357 3444 412 3506 ret
435 3433 624 3528 compulsa
647 3432 727 3505 viro
752 3431 942 3528 repudiato
968 3431 1099 3522 iterum
1125 3431 1310 3527 impertire

357 3561 498 3623 torum:
527 3551 746 3648 excogitavit
763 3551 858 3622 enim
876 3551 975 3646 quod
992 3574 1013 3621 a
1030 3550 1170 3623 fortiori
1193 3550 1311 3622 homi·

358 3691 422 3738 nes
439 3667 683 3741 indifferentes
707 3677 743 3741 et
766 3667 914 3764 pietatis
932 3669 1099 3741 alumnos
1115 3668 1154 3739 in
1171 3668 1228 3740 sui
1245 3667 1311 3739 mi·

358 3783 574 3855 serationem
593 3794 819 3878 provocaret,
838 3785 900 3880 qui
917 3807 1003 3856 suos
1021 3783 1199 3869 inimicos
1219 3805 1309 3877 quos

359 3901 437 3995 ipsa
463 3922 573 3994 supra
596 3900 781 3972 ministros
807 3900 998 3987 ordinavit,
1025 3924 1090 3996 per
1115 3899 1309 3971 adversita·
1401 3931 1404 3935 ·

358 4027 438 4090 tum
465 4015 690 4088 tolerantiam
713 4024 750 4088 et
772 4015 936 4087 omnium
957 4015 1138 4090 virtutum
1160 4003 1310 4087 uberem

358 4134 603 4232 fragrantiam,
621 4133 667 4205 ad
689 4133 861 4228 pietatem
884 4133 942 4206 sui
963 4133 1161 4205 inclinavit.
1213 4130 1310 4203 Tali-

247 4301 249 4306 .
358 4253 426 4323 bus
456 4261 493 4324 et
523 4251 602 4324 aliis
629 4250 846 4346 cogitatibus
873 4259 1075 4345 angustata,
1105 4250 1312 4320 truculenta
