3118 5008
382 595 451 676 142
629 623 856 674 cunourcor
877 627 1059 677 orirerur
1116 607 1330 698 [n.o.1340.

378 755 466 852 plici
482 755 669 843 comitatu,
688 755 752 827 scd
774 755 899 828 audito
924 781 1068 830 rumore
1086 761 1185 854 quod
1208 771 1331 858 tyran-

378 896 448 944 nus
465 870 689 945 Francorum
705 873 806 946 misit
823 897 992 968 magnam
1009 876 1158 948 classem
1181 878 1331 951 navium

377 987 575 1084 Hispaniae,
616 999 652 1062 et
691 989 795 1085 quasi
838 998 957 1062 totum
1001 992 1188 1087 navigium
1229 996 1331 1090 regni

376 1105 599 1179 Francorum
622 1107 669 1178 ad
691 1107 962 1203 impediendum
986 1109 1179 1183 transitum
1206 1133 1326 1198 suum,

375 1224 591 1296 convocavit
609 1247 717 1296 suum
734 1223 920 1320 navigium
938 1224 982 1296 de
1001 1223 1174 1321 Quinque
1196 1227 1329 1301 Portu-

374 1340 443 1412 bus
467 1349 503 1412 et
526 1341 682 1428 aliunde,
707 1340 758 1412 ita
781 1339 879 1435 quod
901 1339 1029 1413 habuit
1052 1343 1227 1415 ducentas
1248 1367 1326 1416 sex-

376 1457 497 1552 aginta
509 1441 619 1530 naves
632 1481 781 1553 magnas
800 1465 837 1530 et
852 1480 993 1552 parvas.
1022 1456 1138 1556 Igitur
1152 1459 1210 1532 die
1223 1458 1326 1534 Joris

375 1582 459 1646 ante
475 1573 609 1645 festum
621 1571 833 1646 Natiuitatis
847 1573 963 1646 sancti
975 1572 1000 1644 J
1001 1575 1129 1646 oannis
1145 1575 1325 1671 baptistae,

321 1697 323 1701 ’
374 1699 485 1761 vento
498 1713 672 1785 prospero
685 1687 807 1775 fiante,
826 1688 962 1785 incepit
979 1689 1132 1763 feliciter
1144 1692 1323 1786 navigare,

374 1815 411 1877 et
442 1807 499 1878 die
526 1804 679 1879 Veneris
710 1816 882 1900 sequente
916 1806 955 1879 in
988 1807 1111 1902 vigilia
1144 1809 1324 1904 praedictae

374 1920 598 2008 Nativitatis,
616 1921 707 1995 vidit
731 1924 885 1996 classem
901 1923 1124 1997 Francorum
1149 1923 1188 1996 in
1213 1935 1324 2021 portu

374 2038 418 2109 de
443 2040 480 2110 la
503 2037 632 2136 Swyne
657 2040 781 2136 praelio
807 2050 972 2136 paratam
997 2050 1034 2112 et
1059 2041 1162 2136 quasi
1188 2051 1323 2115 castro-

374 2177 457 2226 rum
474 2154 568 2228 acies
586 2155 798 2243 ordinatam,
817 2157 914 2252 unde
938 2157 977 2228 in
997 2157 1087 2228 mari
1108 2156 1322 2244 anchorans,

373 2293 439 2367 per
471 2279 587 2344 totam
617 2271 717 2346 illam
747 2273 843 2345 diem
873 2271 1082 2346 deliberavit
1112 2271 1200 2368 quid
1229 2283 1323 2346 esset

374 2387 575 2460 consultius
609 2388 825 2462 iaciendum.
887 2389 932 2460 In
962 2388 1055 2460 festo
1084 2411 1171 2461 vero
1205 2390 1321 2461 sancti

372 2501 526 2576 loannis
543 2505 648 2577 valde
668 2530 774 2578 mane
792 2504 916 2578 classis
933 2503 1156 2577 Francorum
1174 2527 1212 2576 se
1230 2503 1320 2577 divi-

372 2618 460 2692 dens
490 2620 631 2694 intres
661 2625 811 2709 turmas,
843 2621 957 2694 movit
991 2643 1029 2693 se
1064 2644 1129 2716 per
1162 2621 1320 2715 spatium

371 2735 480 2809 unius
503 2737 653 2810 miliaris
674 2761 802 2811 versus
825 2733 976 2811 classem
999 2737 1105 2833 regie,
1125 2737 1223 2832 quod
1239 2762 1321 2833 per-

371 2853 509 2951 cipiens
542 2880 607 2928 rex
636 2853 790 2950 Angliae,
823 2853 914 2927 dixit
948 2877 1023 2926 non
1056 2875 1134 2925 esse
1168 2853 1320 2926 ulterius

370 2971 647 3066 expectandum,
668 2993 706 3042 se
732 2980 768 3045 et
795 2970 870 3042 suis
892 2970 938 3043 ad
959 2993 1059 3042 arma
1079 2969 1318 3056 currentibus

369 3094 407 3158 et
436 3086 509 3159 cito
539 3086 685 3181 paratis,
721 3095 805 3182 post
838 3087 968 3161 boram
1000 3109 1146 3172 nonam,
1172 3086 1318 3181 quando

369 3201 497 3274 habuit
521 3210 674 3273 ventum
703 3212 739 3276 et
767 3205 880 3276 solem
906 3229 928 3276 a
953 3213 1053 3299 tergo
1080 3213 1116 3275 et
1141 3201 1319 3297 impetum

369 3315 530 3389 fluminis
548 3340 684 3403 secum,
702 3317 815 3392 divise
833 3319 871 3392 in
889 3329 962 3394 tres
980 3329 1130 3406 turmas,
1153 3318 1318 3393 hostibus

368 3431 470 3505 dedit
487 3441 655 3529 optatum
672 3434 860 3508 insultum.
913 3435 1095 3509 Horridus
1117 3435 1252 3506 clamor
1272 3434 1318 3508 ad

369 3550 503 3622 aethera
520 3553 731 3626 conscendit
749 3579 857 3651 super
872 3561 1013 3651 “equos
1030 3553 1199 3648 ligneoS,’'
1213 3552 1319 3646 juxta

369 3665 517 3740 Merlini
546 3671 798 3766 prophetiam;
829 3673 967 3746 ferreus
995 3671 1111 3742 imber
1127 3669 1317 3763 'quarello-

367 3807 451 3856 rum
471 3784 515 3857 de
537 3786 688 3876 balistis,
711 3801 818 3886 atque
841 3791 1054 3884 sagittarum
1079 3784 1123 3855 de
1149 3784 1316 3872 arcubus,

368 3901 406 3972 in
423 3925 551 3975 necem
568 3904 682 3978 millia
698 3906 824 4003 populi
843 3904 1017 3977 detraxit:
1037 3899 1162 3986 hastis,
1181 3903 1315 3973 securi-

222 4102 225 4108 ,
365 4020 434 4092 bus
460 4029 497 4093 et
523 4021 649 4116 gladiis
675 4024 885 4118 pugnabant
914 4019 1092 4105 corninus,
1121 4017 1185 4113 qui
1211 4019 1314 4091 volu·

366 4144 473 4209 erunt
492 4146 555 4209 aut
571 4138 719 4210 fuerunt
736 4135 836 4222 ausi;
863 4135 1000 4230 lapides
1020 4159 1042 4208 a
1062 4134 1223 4208 turribus
1240 4157 1315 4207 ma·

363 4253 484 4325 lorum
508 4253 659 4348 projecti
680 4254 814 4326 multos
837 4254 1114 4328 excerebrarunt
1126 4285 1135 4343 ;
1160 4252 1198 4326 in
1216 4275 1314 4326 sum-
