3110 5026
352 655 425 726 228
593 652 837 722 'cusorucorv
858 671 1042 721 causarer
1093 650 1309 741 [s.n.l355.

353 806 398 878 de
428 802 564 878 Sancto
592 801 801 888 Edrnundo,¹
833 801 993 874 Roberto
1024 801 1068 873 de
1100 800 1312 900 Hildesleye

353 931 390 994 et
419 920 510 1005 aliie,
538 919 669 1015 quibus
698 917 798 990 Sooti
826 918 871 989 de
899 926 1006 1010 nocte
1035 917 1194 990 inventis
1225 918 1311 992 dora

352 1037 561 1121 urientibus,
586 1035 677 1106 nihil
700 1034 893 1107 adversum
915 1034 1198 1130 suspicantibus
1223 1059 1310 1108 eum

352 1152 614 1226 exclamatione
653 1151 832 1225 insultum
866 1151 1055 1223 dederunt.
1125 1151 1182 1224 Ibi
1224 1161 1310 1248 post

351 1270 499 1364 longam
534 1267 774 1340 resistentiam
809 1265 991 1339 Robertus
1022 1265 1067 1338 de
1097 1265 1309 1365 Hildesleye

352 1393 389 1458 et
418 1383 580 1456 Joannes
610 1382 825 1455 Brancestre
854 1381 987 1454 milites
1017 1381 1167 1456 fuerunt
1196 1386 1311 1480 capti,-

353 1499 512 1574 Roberto
547 1499 658 1571 Herle
694 1507 730 1570 et
760 1497 943 1570 Almerico
977 1492 1057 1570 vix'
1074 1497 1235 1572 evasioni
1270 1523 1310 1572 se

352 1615 675 1689 committentibus.
729 1611 1003 1687 Consuluerunt
1023 1615 1121 1686 enim
1143 1615 1309 1712 praedicti

351 1732 496 1817 milites
525 1730 603 1802 visa
631 1729 827 1802 Scotorum
854 1729 1097 1825 praevalentia,
1125 1731 1223 1826 quod
1250 1731 1308 1802 sui

352 1847 490 1919 domini
524 1847 675 1918 barones
705 1845 804 1940 ipsos
839 1868 924 1916 suos
960 1845 1108 1917 clientes
1141 1846 1308 1943 redemp-

352 1962 439 2045 turi,
465 1961 593 2057 pulcra
620 1984 684 2032 seu
712 1968 820 2031 cauta
846 1961 1101 2033 retractatione
1129 1985 1150 2034 a
1178 1961 1307 2035 Scoto-

351 2101 434 2152 rum
464 2076 631 2172 captione
662 2099 700 2148 se
730 2075 944 2164 eximerent,v
970 2085 1007 2150 et
1039 2078 1111 2150 hoc
1131 2076 1314 2153 'fecerunt'

352 2193 572 2268 aestimantes
602 2195 768 2267 consulte
798 2195 1078 2269 tolerabiliorem
1104 2209 1311 2294 pauperum·

351 2311 511 2383 militum
541 2334 650 2406 quam
680 2311 870 2401 baronum,
899 2320 935 2385 et
964 2335 1167 2409 paucorum
1197 2339 1307 2410 quam

352 2427 517 2500 omnium
534 2428 751 2525 captionem.
776 2491 777 2496 ,
1041 2525 1046 2532 ·

361 2609 364 2614 .
403 2544 493 2617 Post
513 2545 592 2618 haec
618 2545 786 2618 dominus
809 2546 885 2619 dux
908 2545 1139 2634 Lancastriae,
1164 2548 1313 2624 ordina,

352 2669 413 2733 tus
443 2661 652 2756 capitaneus
683 2660 892 2750 Britanniae,
923 2663 1067 2760 navigio
1094 2663 1309 2738 Neustriam

351 2776 562 2873 profectus‚'
585 2778 684 2874 apud
711 2778 862 2876 Hoggis
895 2780 1003 2852 litora
1035 2789 1176 2869 nectua,
1212 2781 1309 2854 circa

351 2894 487 2966 festum
511 2895 627 2969 sancti
651 2893 825 2968 Barnabae
847 2897 1001 2994 apostoli
1024 2899 1199 2994 equitavit
1222 2922 1313 2974 cunr

352 3011 522 3109 Philippo
552 3036 723 3108 germano
754 3014 849 3110 regis
877 3013 1063 3102 Navarrae,
1092 3016 1156 3112 qui
1185 3016 1311 3112 ipsum?

353 3129 485 3201 ducem
507 3129 546 3200 in
569 3129 626 3202 sui
649 3129 825 3203 auxilium
846 3131 1025 3204 invitavit.
1081 3133 1157 3205 Isto
1177 3156 1310 3229 nempe

353 3269 450 3316 anno
478 3252 684 3317 coronatus
701 3245 926 3319 Francorum
953 3249 1089 3322 habens
1118 3259 1309 3346 suspectos

353 3383 476 3454 regem
509 3357 759 3431 Navarrorum
798 3370 834 3433 et
873 3363 1062 3437 dominum
1105 3367 1150 3438 de
1192 3366 1309 3439 Hare-

353 3485 469 3562 court,
505 3483 542 3547 et
576 3476 752 3570 quosdam
786 3479 876 3552 alios
911 3480 1049 3556 nobiles
1093 3484 1138 3555 de
1181 3507 1308 3578 regno,

352 3593 441 3688 ipsis
475 3593 521 3663 ad
554 3593 764 3667 convivium
793 3596 968 3686 invitatis,
1003 3600 1217 3695 praedictum
1251 3624 1313 3671 re-v

354 3730 435 3802 gem
462 3707 710 3796 incarceravit,
740 3719 777 3782 et
810 3711 900 3785 alios
931 3714 1069 3786 nobiles
1099 3713 1310 3799 trucidavit,

352 3824 545 3919 profitente
579 3826 728 3900 domino
758 3830 802 3901 de
832 3829 1039 3903 Harecourt
1072 3832 1191 3903 securi
1224 3831 1310 3904 seri-

353 3939 459 4028 endo,
488 3949 551 4014 aut
584 3950 627 4014 ut
661 3943 794 4016 dicitur
827 3969 974 4018 saccum
1008 3944 1136 4015 induto
1167 3944 1310 4018 demer-

353 4058 492 4152 gendo‘
510 4059 608 4154 quod
633 4084 821 4155 nunquam
846 4060 950 4131 aliter
977 4059 1047 4132 fuit
1074 4083 1157 4132 reus
1185 4061 1309 4157 prodi·

353 4172 463 4245 tionis
486 4198 596 4271 quam
620 4175 827 4271 quodcum
850 4199 934 4270 rege
955 4174 1108 4270 Angliae,
1133 4201 1220 4250 vero
1246 4176 1310 4250 he-

354 4287 438 4368 rede
461 4298 498 4364 et
521 4291 566 4363 de
585 4290 775 4385 jurelicet
799 4313 872 4362 non
889 4291 944 4365 ·de
967 4290 1063 4367 sacto
1089 4316 1172 4390 rege
1197 4291 1322 4368 totius·
