3118 5008
237 647 314 699 mm
331 625 455 716 1340]
488 649 534 700 un
554 650 681 704 annun
699 633 1007 702 nnswmanorrrr.
1115 634 1184 712 1145

236 772 438 848 carceribus
460 776 725 872 manciparunt,
745 778 789 849 de
814 803 886 873 quo
909 778 1064 873 majores
1087 779 1185 851 illius

236 886 409 962 Marcbiae
443 891 564 966 minus
597 893 858 968 rationabiliter
887 895 1034 967 fuerunt
1068 894 1185 990 indig-

235 1006 321 1078 nati.
382 1006 522 1095 Postea,
559 1008 655 1082 eirca
683 1009 821 1082 *festum
856 1011 971 1083 saneti
1006 1010 1104 1083 Petri
1131 1011 1185 1084 ,ad

236 1119 403 1210 Vincula,
430 1124 555 1220 piratae
580 1125 712 1197 Gallici
736 1150 822 1199 cum
848 1127 1027 1222 adjutorio
1050 1127 1184 1222 Hispa-

168 1235 171 1238 ’
234 1261 368 1310 norum
392 1239 570 1312 insultum
596 1240 773 1313 dederunt
799 1241 837 1311 in
865 1239 1019 1320 insulam
1045 1239 1183 1326 Vectae,

234 1362 271 1426 et
306 1355 427 1426 subito
461 1356 656 1440 intrarunt,
687 1355 818 1450 quibus
852 1356 1021 1428 dominus
1055 1356 1184 1428 Petrus

234 1469 367 1546 Russel
389 1471 490 1542 miles
515 1494 599 1542 cum
624 1471 860 1567 popularibus
883 1471 1054 1556 obviavit,
1072 1481 1109 1544 et
1130 1473 1184 1568 ip-

209 1585 302 1660 'sos
314 1594 482 1682 potenter
504 1586 655 1682 expulit,
678 1586 845 1682 pluribus
869 1609 995 1658 eorum
1019 1587 1185 1659 interfec-

233 1701 292 1788 tis,
323 1701 387 1775 sed
413 1701 516 1774 miles
542 1702 676 1774 ibidem
705 1702 861 1775 letaliter
888 1703 1097 1776 vulneratus
1124 1729 1185 1776 ex-

234 1819 395 1915 spiravit.
448 1819 578 1892 Piratae
606 1844 694 1893 vero
723 1819 770 1891 ad
800 1828 920 1915 partes
947 1817 1120 1891 Devoniae
1147 1843 1185 1892 se

233 1936 507 2022 transtulerunt,
534 1945 569 2008 et
595 1935 719 2009 villam
745 1935 790 2007 de
815 1934 1081 2030 Teignemuthe
1109 1937 1184 2030 epi-

234 2051 335 2147 scopi
362 2051 650 2137 eombusserunt,
679 2051 809 2124 deinde
838 2075 965 2124 versus
995 2050 1183 2124 Plummu-

234 2165 334 2238 tham
359 2167 570 2262 migrarunt,
598 2167 661 2242 sed
687 2167 781 2240 villae
809 2166 962 2239 defensae
992 2167 1044 2238 nil
1071 2149 1184 2241 nocu-

233 2291 364 2370 erunt;
408 2283 517 2356 immo
560 2283 724 2378 quaedam
767 2283 926 2354 maneria
968 2285 1185 2378 campestria
1264 2331 1268 2338 ·

233 2400 523 2483 combusserunt,
552 2409 590 2470 et
623 2397 816 2492 quemdam
850 2397 1005 2470 militem
1039 2407 1184 2493 captum

233 2516 417 2588 duxeruut
434 2514 704 2609 quovolebant.

284 2630 372 2703 Post
400 2629 537 2704 bellum
567 2631 692 2702 navale
726 2630 991 2726 praescriptum,
1027 2629 1185 2702 reductis
1296 2709 1299 2716 ,

233 2747 273 2818 in
299 2745 472 2842 Angliam
502 2744 616 2840 copiis
644 2769 732 2840 quas
763 2744 948 2829 eduxerat,
978 2767 1041 2816 rex
1072 2744 1187 2838 spolia

235 2862 427 2936 comitibus
454 2851 529 2934 suis
557 2859 751 2946 distribuit,
779 2868 816 2933 et
843 2859 976 2931 devota
999 2859 1081 2932 loca
1106 2859 1185 2931 An-

233 2978 314 3074 gliae
340 2977 511 3062 visitavit,
540 2977 737 3072 inquibus
764 2975 897 3071 gratias
925 2973 1044 3047 datori
1069 2974 1185 3047 victo-

234 3096 369 3168 riarum
399 3093 616 3190 suppliciter.
641 3092 825 3188 persolvit.
879 3091 1011 3165 Postea
1034 3115 1103 3187 per
1130 3115 1185 3164 as-

233 3235 381 3284 sensum
415 3211 602 3305 majorum
628 3210 673 3281 de
708 3231 783 3280 suo.
809 3208 975 3294 concilio,
1010 3207 1048 3280 in
1079 3205 1184 3280 Flan-

234 3327 360 3413 driam‚
390 3325 458 3420 (ut,
475 3334 581 3401 antea
606 3313 815 3422 disposuit),
843 3323 1100 3410 transfretavit,
1130 3347 1184 3398 se-

233 3466 319 3514 eum
349 3442 531 3516 deducens
561 3442 750 3516 dominum
783 3440 985 3518 Robertum
1015 3440 1185 3520 comitem

233 3559 414 3654 d’Artoys,
439 3557 501 3652 qui
527 3559 724 3653 perlonga
749 3566 912 3653 tempora
937 3556 983 3628 ad
1009 3579 1185 3651 expensas
1222 3599 1224 3604 ,

233 3673 328 3770 regis
346 3673 385 3745 in
402 3671 537 3769 Anglia
552 3673 665 3760 vixit;
692 3675 744 3746 ad,
762 3677 883 3769 regem
906 3696 1035 3769 nempe
1058 3672 1184 3746 consu-

234 3790 287 3886 git
311 3798 438 3886 petens
453 3789 637 3864 auxilium
659 3798 788 3862 contra
810 3797 1005 3887 tyrannum
1029 3789 1185 3862 Franco-

234 3931 328 3992 rum,
347 3907 411 4001 qui
435 3905 679 4001 possessiones
705 3914 859 4000 patrum,
875 3929 1025 3978 suorum
1051 3905 1089 3976 in
1113 3902 1184 3978 Ar-

230 4023 327 4095 tosia
353 4033 389 4098 et
417 4022 612 4096 Brabantia
640 4022 796 4095 detinuit
823 4022 968 4118 injuste,
995 4021 1094 4093 unde
1120 4042 1184 4090 rex

234 4141 323 4230 ejus
344 4139 511 4236 homagio
539 4140 716 4212 auxilium
743 4138 939 4235 spopondit
966 4144 1002 4206 et
1030 4134 1184 4231 praebuit

234 4257 375 4329 eidem..
416 4255 535 4353 Igitur
561 4280 626 4353 per
652 4256 860 4328 Flandriam
887 4263 923 4327 et
951 4251 1184 4326 Brabantiam

699 4395 723 4441 n
