3118 5008
372 646 420 719 90
623 665 850 714 cHltoNrcoN
870 667 1058 716 ornemur
1112 647 1324 738 [salmo.

371 794 431 865 cui
448 793 610 888 equitare
629 816 704 863 non
726 792 858 864 licebat
879 792 950 865 nisi
972 794 1018 864 de
1039 803 1158 881 nocte,
1178 820 1245 869 nec
1263 798 1327 868 ali-

371 933 480 1004 quem
496 909 630 994 videre,
649 909 713 980 sed
728 932 797 980 nec
814 909 859 980 ab
875 909 953 980 ullo
969 909 1085 982 videri
1105 911 1175 983 sibi
1191 913 1326 985 amica-

370 1026 500 1098 biliter.
553 1025 811 1120 AEgrotantem
831 1026 1088 1121 compulerunt
1108 1029 1251 1100 exiliter
1270 1031 1326 1101 in·

372 1141 503 1214 dutum
529 1151 640 1237 caput
665 1141 797 1213 habere
823 1141 1094 1237 discoopertum
1106 1172 1115 1230 ;
1141 1145 1325 1217 volentem

370 1258 527 1330 dormire
544 1281 620 1330 non
635 1259 841 1354 permisere,
861 1281 936 1330 uon
953 1260 1078 1353 quales
1094 1261 1242 1334 volebat
1262 1263 1326 1334 sed

371 1399 462 1470 quos
490 1376 684 1457 nauseabat
710 1375 811 1447 cibos
836 1375 906 1470 ipsi
930 1399 1191 1472 praeparavere,
1214 1379 1325 1450 verbo

372 1516 439 1565 suo
456 1492 604 1563 cuilibet
624 1491 885 1576 contradixere,
904 1515 1080 1563 vesanum
1105 1516 1144 1564 se
1166 1517 1245 1565 esse
1266 1518 1325 1566 ca·

370 1609 603 1695 lumniavere,
618 1621 654 1679 et
670 1607 885 1679 utbreviter
903 1607 1134 1695 concludam,
1151 1610 1190 1680 in
1207 1611 1343 1682 omui·-

370 1726 439 1798 bus
457 1749 531 1797 suae
543 1724 724 1797 voluntati
741 1724 878 1819 seipsos
897 1725 1097 1796 contrarios
1115 1726 1322 1813 exhibuere,

370 1850 415 1913 ut
430 1842 561 1935 frigore
580 1863 644 1912 seu
660 1839 791 1934 vigiliis
808 1840 868 1912 vel
885 1840 974 1912 cibis
991 1841 1240 1937 intemperatis
1261 1853 1325 1916 aut

371 1957 552 2041 fastiditis,
577 1957 636 2028 vel
666 1957 795 2027 saltem
827 1979 903 2052 prae
936 1957 1176 2031 melancholia
1205 1959 1326 2055 aliqua

370 2074 556 2144 communi
579 2072 788 2144 infirmitate
812 2082 1001 2169 correptus
1025 2074 1236 2172 exspiraret,
1261 2078 1324 2149 sed

264 2197 266 2200 ’
370 2213 390 2260 e
413 2198 540 2261 contra
562 2189 618 2260 vir
640 2189 679 2260 in
701 2189 928 2261 naturalibus
950 2190 1088 2285 optime
1114 2190 1323 2286 dispositus,

369 2305 473 2377 fortis
500 2306 546 2376 ad
572 2305 725 2390 labores,
753 2315 789 2378 et
819 2305 866 2377 ad
893 2305 1085 2377 universos
1114 2306 1229 2402 gratia
1254 2306 1324 2379 Dei

369 2421 512 2517 patiens
535 2421 740 2517 languores,
765 2445 892 2494 omnes
918 2423 1096 2495 versutias
1123 2424 1323 2518 malignan-

369 2540 463 2611 tium
493 2547 623 2610 natura
649 2539 708 2610 vel
739 2539 855 2633 gratia
881 2541 1076 2634 superavit.
1130 2538 1323 2612 Venenum

369 2655 614 2751 quampluries
637 2654 924 2751 propinaverunt
947 2679 1052 2727 servo
1075 2654 1145 2727 Dei
1167 2657 1323 2728 ministri

370 2773 497 2858 Belial,
516 2773 614 2868 quod
634 2780 699 2843 aut
716 2770 931 2843 fortitudine
948 2771 1105 2843 naturali
1120 2772 1320 2857 evacuavit,

369 2889 464 2961 sicut
495 2890 614 2961 solent
639 2887 708 2958 viri
735 2895 944 2981 temperatae
975 2889 1236 2983 complexionis
1267 2913 1322 2960 se-

368 3005 530 3077 cundum
556 3001 736 3074 Galenum
765 3002 804 3073 in
831 3002 938 3074 tertio
969 3001 1143 3098 simplicis
1173 3005 1322 3077 medici-

369 3147 448 3208 nae;
476 3131 540 3194 aut
561 3120 659 3216 quod
680 3119 801 3191 verius
825 3121 945 3205 credo,
970 3121 1209 3194 manifestiori
1231 3149 1325 3196 mar·

368 3239 463 3334 tyrio
488 3261 595 3308 suum
621 3234 863 3307 confessorem
886 3235 1084 3308 altissimus
1110 3241 1320 3313 reservavit.

371 3354 553 3426 Attestata
568 3351 772 3437 scribimus,
790 3351 894 3423 miles
912 3351 1118 3439 reverende,
1138 3377 1218 3448 quae
1241 3356 1323 3429 luce

368 3469 520 3543 clariora
536 3468 742 3540 intonarent
760 3467 910 3553 mundo,
924 3467 959 3538 si
982 3491 1057 3538 non
1080 3468 1190 3540 timor
1211 3494 1321 3543 aemu·

367 3589 487 3659 lorum
525 3584 620 3680 regis
657 3584 882 3657 devotissimi
915 3583 1035 3656 adhuc
1069 3585 1320 3681 superstitum,

368 3702 557 3774 veritatem
582 3701 717 3775 clarere
741 3700 960 3796 prohiberet,
980 3723 1060 3796 quae
1086 3725 1161 3773 uon
1186 3702 1321 3797 poterit

369 3841 509 3914 semper
538 3818 714 3890 occultari
747 3827 882 3890 tamen.
934 3817 1140 3891 Abducitur
1173 3817 1320 3891 Edwar-

368 3938 448 4023 dus,
475 3944 519 4007 ut
547 3935 800 4031 praescriptum
828 3943 896 4020 est,
924 3958 1051 4008 versus
1079 3933 1319 4020 Berkeleiam,

190 4030 195 4042 ’
268 4143 274 4147 ,
368 4054 521 4150 satrapis
545 4051 688 4124 Satanae
713 4050 879 4144 equitans
906 4049 1074 4145 stipatus.
1126 4047 1321 4122 Duxerunt

367 4172 552 4268 exemplar
580 4166 762 4265 patientia
788 4191 854 4262 per
880 4167 1046 4262 grangias
1074 4175 1193 4238 castro
1221 4166 1308 4239 Bris

368 4289 446 4361 tolli
471 4287 705 4384 pertinentes
724 4285 787 4357 ubi
804 4284 849 4356 de
865 4282 965 4355 sueno
982 4283 1117 4355 factam
1134 4305 1317 4366 coronam,
