3118 5008
221 632 294 682 no.
307 609 430 701 1345]
474 633 517 681 ms
538 633 665 680 sunna
685 633 732 680 nu
752 633 991 682 swmsnorm.
1100 610 1169 685 157

219 759 360 833 Tolosae
382 761 449 833 sub
471 761 604 832 vexillo
627 769 795 854 argenteo
812 760 1005 856 imaginem
1023 786 1171 834 auream·

220 877 331 948 beatae
353 877 502 971 virginis
525 876 680 948 habente
705 877 749 949 de
772 877 934 971 quarerio
956 878 1012 950 sui
1034 879 1169 951 incola-

219 1001 278 1063 tus
309 992 448 1064 civibus
478 991 669 1086 praefectus
697 992 890 1064 ostendens
919 1017 1027 1066 suum
1056 994 1170 1065 vexil-

218 1107 307 1194 lum,
327 1108 517 1201 admuros
535 1132 599 1202 per
617 1131 800 1179 armorum
818 1109 993 1181 errautios
1011 1110 1168 1206 descrip-

218 1230 298 1294 tum
332 1224 461 1294 ducem
497 1223 542 1293 ad
576 1223 806 1294 devotionem
838 1223 947 1318 piam,
979 1238 1016 1296 et
1045 1250 1170 1321 quam-

217 1339 342 1432 plures
367 1339 411 1409 de
438 1338 597 1409 exercitu
623 1346 731 1432 atque
753 1338 948 1410 nonnullos
974 1339 1020 1410 ad
1046 1340 1170 1412 derisi-

218 1477 327 1525 onem
369 1455 590 1548 provocavit.
661 1453 790 1553 Postea
830 1455 925 1525 cirea
960 1454 1169 1550 Quadrage-

218 1569 348 1642 simam
376 1569 463 1642 anni
489 1569 651 1655 secundi,
681 1571 772 1642 duce
800 1579 836 1643 et
862 1570 1056 1644 comitibus
1084 1597 1169 1645 cum

218 1686 387 1782 praedatis
405 1695 441 1759 et
458 1687 611 1782 captivis
629 1685 858 1772 redimendis,
877 1688 956 1760 auri
973 1713 1116 1785 quoque
1133 1700 1169 1764 et

219 1803 358 1898 argenti
382 1803 522 1898 magnis
546 1803 719 1890 collectis,
738 1803 980 1900 Burdelagim
1004 1805 1169 1902 Brigera-

219 1941 314 2005 cum,
334 1928 370 1992 et
387 1919 475 1991 alias
493 1919 713 1993 munitiones
731 1943 814 1992 suas
831 1923 995 2008 reversis,
1007 1921 1167 2002 Joannes

219 2034 262 2106 de
273 2034 418 2108 Valesio
435 2035 698 2132 primogenitus
716 2044 751 2108 et
768 2036 882 2112 haeres
900 2039 1045 2133 tyranni
1056 2038 1167 2110 Fran-

219 2173 354 2238 corum,
373 2175 458 2224 oum
475 2175 608 2246 magna
624 2151 858 2223 multitudine
874 2153 1052 2248 juvenum
1072 2155 1167 2227 mili-

219 2274 297 2339 tum
331 2278 368 2340 et
402 2268 644 2364 stipendiariis
677 2267 887 2339 Teutonicis
921 2293 995 2340 non
1029 2273 1166 2364 paucis,

117 2382 157 2475 “⁸
219 2382 373 2455 obsessit
403 2383 527 2454 villam
560 2383 604 2454 de
630 2381 827 2476 Agviloun,
857 2391 893 2452 et
927 2385 1005 2477 ejus
1035 2386 1169 2479 capita-

218 2522 329 2569 neum
362 2498 537 2570 baronem
575 2496 787 2582 staffordia,
823 2505 859 2568 et
899 2497 950 2569 ita
989 2499 1169 2592 sapienter

219 2637 328 2686 suum
354 2612 554 2685 exercitum
580 2611 724 2685 fossatis
751 2611 972 2700 munierunt,
999 2615 1097 2709 quod
1124 2617 1170 2687 ad

219 2753 282 2801 eos
308 2729 473 2824 Anglicis
500 2729 576 2801 sine
602 2751 734 2823 magno
760 2727 921 2822 periculo
948 2753 1024 2800 non
1050 2731 1169 2825 patuit

220 2867 398 2928 accessus,
423 2845 552 2917 saltem
578 2843 666 2939 ipsis
691 2843 826 2930 invitis,
845 2866 912 2914 neo
938 2843 1059 2915 minus
1084 2868 1170 2939 pru-

220 2960 348 3032 denter
370 2985 434 3032 seu
455 2959 607 3032 viriliter
624 2959 761 3031 obsessi
785 2983 887 3031 suam
910 2959 1093 3031 civitatem
1111 2961 1172 3032 de·

219 3073 640 3162 sensam'oustodiebant,
660 3075 711 3146 ita
728 3074 826 3169 quod
843 3074 978 3169 pluries
1001 3099 1086 3147 cum
1109 3100 1171 3148 ex-

220 3191 335 3263 ercitu
353 3200 456 3264 extra
471 3213 595 3264 muros
619 3198 655 3262 et
677 3197 801 3285 portas
818 3212 931 3261 manu
953 3190 1000 3262 ad
1022 3215 1172 3263 manum

219 3330 436 3402 pugnavere.
489 3305 577 3378 Dux
600 3329 687 3379 vero
710 3315 747 3378 et
770 3305 826 3378 sui
849 3329 924 3378 non
950 3306 1106 3402 segniter
1133 3332 1171 3380 se

219 3419 436 3507 habuerunt,
454 3421 566 3493 immo
583 3422 706 3516 plures
727 3420 918 3494 conflictus
942 3445 1027 3494 oum
1050 3421 1171 3495 obses-

220 3537 362 3609 soribus
379 3538 549 3625 habuere,
568 3547 604 3610 et
628 3538 793 3611 obsessos
816 3539 942 3610 crebro
967 3539 1071 3612 novis
1096 3540 1170 3612 vic-

218 3652 379 3725 tualibus
397 3652 612 3739 refecerunt,
631 3677 699 3726 nec
723 3663 845 3726 tamen
868 3654 1090 3726 obsidionem
1108 3680 1171 3728 va-

218 3769 366 3841 luemnt
391 3768 537 3865 penitus
564 3792 741 3854 amovere,
766 3777 916 3865 propter
940 3769 1171 3866 impossibili-

219 3892 332 3958 tatem
350 3885 581 3983 aggrediendi
598 3885 803 3958 obsidentes
824 3883 930 3957 fossis
952 3879 1171 3982 circumsep-

200 4010 290 4088 tos
309 4003 372 4096 qui
393 4004 590 4077 noluerunt
608 4003 653 4074 ad
670 3985 806 4078 bellum
824 4011 1024 4096 campestre
1041 4002 1170 4073 ferien-

220 4116 309 4188 dum
326 4117 510 4205 assentire,
529 4118 591 4190 sed
616 4118 881 4214 respondebant
903 4139 941 4186 se
964 4138 1038 4186 non
1060 4140 1170 4210 prop-

220 4242 274 4304 ter
297 4234 445 4320 bellum,
466 4234 529 4305 sed
551 4235 595 4306 ad
619 4234 851 4307 obsidendam
870 4231 968 4302 illam
986 4231 1169 4304 civitatem
