3110 5026
266 669 341 717 an.
360 647 484 739 1351.]
542 670 587 718 nu
607 667 734 717 aruns
754 666 801 717 nn
821 669 1061 718 swrrvnsorrn.
1145 645 1214 720 211

263 796 360 868 unde
378 795 558 870 Calesiam
575 797 626 870 ita
643 797 901 885 refocillarunt,
921 798 1019 894 quod
1041 823 1123 871 una·
1137 801 1217 895 pin-

263 915 342 1010 guis
372 940 483 990 vacca
516 917 578 989 vix
612 919 748 990 valeret
780 919 823 990 16
855 918 1021 1003 denarios
1052 921 1218 1016 sterling-

263 1055 378 1106 orum.
432 1031 520 1106 Post
547 1034 625 1106 haec
652 1033 748 1106 circa
776 1033 927 1121 Pascha,
957 1034 1033 1107 dux
1060 1034 1217 1108 Lances-

261 1148 339 1220 triae
368 1149 414 1220 de
441 1147 583 1221 Calesia
612 1171 825 1246 progressus
854 1149 894 1221 in
923 1160 1044 1246 partes
1078 1153 1216 1225 mariti-

261 1288 340 1336 mas
367 1264 523 1337 Artosiae
552 1273 589 1337 et
620 1265 804 1349 Picardiae,
834 1266 973 1338 exussit
1002 1267 1217 1342 suburbium

261 1380 448 1468 Bononiae,
475 1382 539 1454 sed
568 1381 759 1454 insiliendo
785 1379 881 1453 villae
910 1405 985 1454 non
1014 1387 1215 1480 praevaluit,

260 1521 328 1594 pro
363 1521 406 1570 eo
441 1498 629 1584 duntaxat,
658 1499 757 1594 quod
787 1499 891 1572 scalae
926 1499 1075 1574 fuerunt
1108 1502 1216 1576 nimis

260 1624 384 1688 curtae.
438 1616 564 1711 Itaque
579 1617 738 1690 vastavit
760 1616 945 1688 civitatem
967 1616 1011 1688 de
1031 1615 1216 1692 Tirewane

89 1731 99 1740 '
226 1781 238 1786 κ
260 1741 297 1804 et
313 1741 473 1828 portum,
493 1734 579 1806 item
597 1733 701 1806 villas
724 1733 769 1805 de
791 1713 1051 1830 Faucunberge
1074 1744 1111 1808 et
1135 1735 1215 1808 Sta-

259 1849 347 1944 pleS,
367 1859 404 1922 et
426 1850 465 1922 in
487 1850 683 1923 nominatis
705 1851 883 1946 portubus
901 1851 1116 1924 incendebat
1133 1853 1215 1948 plu-

259 1989 314 2038 res
332 1991 441 2063 quam
459 1976 607 2042 centum
630 1977 667 2040 et
684 1968 740 2040 '20
763 1990 873 2041 naves
897 1969 1123 2042 diversarum
1143 1970 1215 2042 for-

258 2105 411 2170 marum,
442 2085 573 2158 deinde
606 2085 762 2181 patriam
796 2095 1036 2183 campestrem
1070 2086 1216 2183 ignibus

257 2198 453 2295 depascens
479 2225 595 2296 usque
619 2201 664 2273 ad
688 2201 791 2274 Seint
815 2201 947 2276 Omers
971 2203 1159 2298 equitavit,
1178 2215 1216 2279 et

213 2333 221 2338 “
255 2317 381 2389 multis
399 2316 586 2389 fortaliciis
608 2317 838 2412 expugnatis,
858 2341 944 2390 cum
966 2343 1100 2414 magna
1123 2343 1214 2415 prae-

256 2431 303 2503 da
325 2440 361 2503 et
384 2431 550 2526 plurimis
576 2426 932 2528 captivis'Calesiam
955 2435 1213 2508 revertebatur.

257 2545 351 2619 Item
374 2547 471 2620 circa
492 2547 628 2620 festum
651 2550 768 2622 sancti
793 2549 954 2646 Georgii,
978 2574 1035 2623 res
1059 2552 1098 2623 in
1123 2552 1214 2625 Gas-

256 2663 361 2736 conia
382 2664 474 2736 bene
498 2665 701 2758 gerebatur,
720 2667 855 2762 quippe
875 2668 1112 2741 marescallus
1135 2693 1214 2766 reg-

255 2781 294 2852 ni
320 2780 481 2854 Franciae
511 2806 597 2854 cum
627 2807 759 2878 magna
789 2783 1027 2858 multitudine
1057 2771 1213 2860 armato-

256 2921 339 2969 rum
363 2898 600 2994 depopulavit
624 2901 780 2996 patriam
802 2901 896 2974 villae
920 2902 1037 2975 sancti
1059 2902 1213 2978 Joannis

256 3016 495 3110 evangelistae,
526 3017 631 3112 cujus
666 3017 840 3090 custodiae
869 3017 1086 3092 Edmundus
1116 3019 1213 3094 Rose

254 3130 542 3205 Norfolchiensis
576 3133 852 3229 praeficiebatur,
887 3135 985 3207 unde
1018 3138 1211 3233 populares

254 3251 448 3324 coadunati
496 3275 581 3324 cum
623 3262 836 3348 garnestura
877 3253 1060 3351 praedictae
1103 3254 1209 3358 villae,

252 3361 419 3437 hostibus
435 3365 587 3438 viriliter
604 3366 808 3452 obviarunt,
828 3375 865 3439 et
886 3367 978 3440 inito
1002 3392 1208 3463 congressu,

251 3479 377 3550 multis
390 3503 534 3575 quoque
551 3480 693 3566 occisis,
708 3490 882 3576 ceperunt
900 3483 1115 3578 praedictum
1132 3507 1209 3556 ma-

251 3595 444 3666 rescallum
470 3604 507 3666 et
532 3597 668 3668 multos
693 3597 783 3669 elios
806 3596 946 3670 nobiles
970 3598 1205 3686 Francorum,

251 3709 385 3806 fugatis
415 3711 571 3808 amplius
602 3736 713 3807 quam
743 3715 818 3784 400
848 3714 936 3786 viris
967 3724 1083 3788 status
1112 3717 1208 3789 mili-

251 3829 350 3902 taris.
737 3853 739 3860 ’

302 3947 443 4020 Eodem
477 3971 574 4019 anno
608 3955 759 4019 eventus
789 3946 940 4020 bellicus
971 3950 1039 4021 sub
1070 3949 1206 4023 ducatu

249 4063 402 4137 Joannis
425 4064 470 4137 de
492 4064 727 4160 Bellocampo
748 4064 910 4160 germani
932 4065 1077 4136 comitis
1096 4065 1203 4136 War-

248 4179 340 4266 wici,
358 4181 398 4251 in
415 4204 624 4276 perversum
640 4181 758 4254 fuerat
775 4191 949 4255 mutatus.
1003 4180 1085 4278 Ipse
1102 4205 1202 4253 nem-

248 4321 294 4393 pe
323 4296 532 4392 capitaneus
567 4309 655 4372 tunc
686 4299 830 4386 Calesii,
862 4300 993 4377 educta
1022 4297 1096 4371 iere
1126 4309 1204 4373 tota

692 4438 715 4486 o
734 4418 757 4487 2
