3120 5008
239 637 313 701 ako.
326 629 448 722 lota]
487 654 533 702 rr
552 653 680 703 saura
700 655 747 703 nr
767 654 1009 705 swrnsaour.
1119 634 1187 709 169

235 779 439 853 inconsulta
471 781 693 878 praesumtio,
721 789 764 853 ut
793 789 934 855 tactum
967 790 1034 868 est,
1070 781 1189 855 niten-

235 897 327 968 tium
344 897 541 993 quemlibet
565 897 677 970 alium
701 898 912 972 antecedere
938 899 983 972 ad
1009 898 1186 974 honorem

234 1016 399 1110 capiendi
433 1039 498 1088 seu
530 1015 733 1088 debellandi
767 1039 887 1111 regern
921 1015 1072 1112 Angliae.
1125 1016 1185 1092 Ab

233 1129 323 1203 hora
347 1155 445 1203 nona
469 1131 565 1202 illius
591 1130 663 1202 diei
687 1129 902 1218 Dominieae,
921 1157 993 1226 quo
1018 1133 1185 1208 benedic-

232 1254 312 1317 tum
336 1254 519 1319 certamen
541 1245 611 1318 fuit
633 1245 879 1331 terminatum,
904 1271 968 1318 rex
990 1257 1027 1320 et
1049 1249 1187 1322 exerci-

232 1371 294 1434 tus
329 1360 458 1435 semoti
487 1385 509 1433 a
536 1361 701 1446 mortuis
731 1385 797 1456 per
825 1361 987 1434 medium
1020 1363 1183 1448 milliare,

231 1477 367 1573 gratias
393 1477 510 1550 datori
534 1477 781 1565 victoriarum,
806 1486 843 1550 et
868 1477 983 1573 quieti
1007 1479 1186 1574 corporali

232 1594 479 1688 indulgebant,
503 1617 589 1666 suos
612 1617 680 1666 nec
703 1594 824 1666 minus
849 1602 1089 1682 recensentes,
1111 1615 1185 1668 non

231 1710 447 1782 invenerunt
470 1711 569 1806 quod
591 1711 830 1807 quadraginta
853 1711 898 1783 de
921 1719 999 1784 toto
1022 1711 1185 1784 exercitu

231 1827 323 1922 regis
365 1827 562 1924 perierunt
628 1826 793 1900 Tandem
827 1827 917 1902 hora
950 1851 1185 1924 vesperarum

220 1943 412 2041 ¹capientes
430 1967 563 2039 corpus
580 1943 675 2040 regis
693 1942 890 2030 Bohemiae,
908 1942 1073 2018 fecerunt
1090 1967 1184 2039 aqua

230 2059 352 2154 tepida
384 2060 507 2146 lavari,
535 2069 572 2133 et
601 2060 738 2132 involvi
766 2061 805 2132 in
834 2060 939 2134 lineis
969 2060 1116 2133 mundis
1146 2070 1183 2164 et

229 2176 316 2270 poni
336 2175 371 2247 in
395 2175 568 2248 feretrum
590 2185 778 2271 equestre;
814 2187 851 2248 et
871 2176 969 2248 circa
994 2176 1087 2248 illud
1108 2176 1185 2274 epi-

229 2316 363 2388 scopus
386 2291 661 2376 Dunelmensis,
691 2291 893 2364 astantibus
927 2315 1011 2386 rege
1040 2301 1077 2364 et
1107 2292 1183 2364 suis

228 2411 425 2483 comitibus
443 2434 529 2482 cum
545 2410 642 2482 clero
659 2409 839 2504 prasenti,
859 2409 1026 2504 exequias
1045 2416 1183 2480 mortu-

231 2551 339 2598 orum
360 2527 555 2599 solenniter
577 2525 781 2599 celebravit.
834 2524 927 2597 Item
951 2524 990 2596 in
1011 2523 1181 2609 crastino,

229 2667 341 2739 super
358 2643 470 2714 altare
486 2641 657 2714 viaticum
681 2641 791 2713 missa
814 2641 859 2712 de
882 2639 1021 2735 Requie
1044 2647 1080 2712 et
1103 2639 1184 2712 aliis

229 2760 379 2856 privatis
404 2759 604 2846 celebratis,
629 2759 740 2831 ducto
762 2781 886 2829 secum
908 2779 1059 2852 corpore
1080 2755 1182 2826 nobi-

228 2877 272 2950 lis
303 2877 396 2972 regis
425 2875 623 2962 Bohemiae,
655 2874 875 2947 transierunt
904 2895 969 2968 per
1002 2878 1182 2943 monaste-

229 2995 324 3067 rium
341 2995 386 3066 de
401 2993 638 3090 Mounteney‚
657 3001 693 3064 et
710 2991 768 3063 die
786 2989 919 3062 Martis
937 2987 1102 3084 sequenti
1118 3010 1184 3085 per

230 3136 344 3184 unum
361 3111 498 3184 malurn
515 3109 723 3207 passagium
740 3109 786 3180 ad
802 3106 928 3180 villam
946 3105 990 3177 de
1009 3105 1182 3177 Mounte-

230 3253 310 3325 ney‚
323 3237 359 3302 et
376 3229 506 3301 exinde
518 3229 565 3301 ad
582 3227 763 3300 abbatiam
780 3225 825 3298 de
842 3223 937 3297 seint
948 3221 1060 3296 Joce:
1080 3231 1179 3318 post-

230 3372 272 3420 ea
298 3357 554 3443 praetereuntes
577 3339 712 3419 vadum
738 3344 932 3439 quoddam,
960 3343 1004 3414 ad
1029 3341 1182 3415 Novum

229 3473 387 3536 castrum
407 3465 640 3550 devenerunt,
659 3461 722 3534 ubi
743 3459 921 3532 demorati
943 3457 1086 3530 duobus
1108 3457 1181 3527 die-

228 3581 308 3669 buS,
337 3581 466 3654 exinde
492 3588 671 3652 venerunt
700 3576 890 3660 Calesiam,
917 3599 1026 3669 quarn
1056 3573 1178 3645 statim

229 3691 415 3773 obsidione
441 3698 680 3778 vallaverunt,
708 3701 836 3788 quarto
863 3691 920 3763 die
947 3690 1180 3787 Septembris,

230 3842 324 3890 anno
353 3816 453 3910 regni
480 3814 574 3910 regis
601 3811 743 3906 Angliae
773 3812 834 3896 20,
863 3817 899 3881 et
927 3833 948 3880 a
977 3817 1181 3903 conquestu

230 3934 390 4007 Franciae
408 3932 575 4029 septimo.

279 4051 456 4125 Eduardo
481 4049 550 4122 Dei
573 4047 688 4145 gratia
711 4070 792 4142 rege
810 4044 949 4138 Angliae
967 4049 1004 4113 et
1021 4033 1182 4109 Franciae

230 4177 480 4264 conquestore,
498 4153 815 4262 ineirpugnabilem
837 4160 961 4230 villam
986 4157 1030 4226 de
1052 4152 1183 4244 Caleys

230 4284 428 4370 obsidente,
447 4281 546 4354 misit
569 4290 744 4376 tyrannus
762 4277 983 4348 Francorum
1001 4269 1048 4341 ad
1064 4266 1184 4340 David
