3118 5008
259 601 469 694 lalana]
508 625 553 674 nn
574 625 700 676 aaran
720 627 767 676 nn
788 625 1027 714 swrunsorrn.
1136 608 1200 677 141

257 775 411 846 gressus,
430 751 553 847 regina
569 759 767 848 pregnante
784 752 823 824 in
841 749 1021 824 Gandavo'
1044 751 1206 839 dimissa,-

255 867 389 940 habuit
407 867 686 963 parliamentum
708 867 807 963 apud
824 865 1203 956 westmonasterium,

254 980 318 1052 ubi
337 981 420 1054 laici
443 991 699 1056 concesserunt
722 982 790 1054 sibi
811 1006 949 1056 nonum
967 985 1082 1056 vellus
1099 985 1203 1072 lanae,

253 1105 290 1169 et
307 1121 446 1169 nonum
462 1122 609 1193 agnum,
624 1110 662 1171 et
678 1121 810 1170 nonam
829 1100 976 1194 garbam
994 1101 1202 1195 cujuscum-

253 1236 323 1308 que
347 1213 486 1306 generis
508 1213 615 1302 bladi,
633 1222 669 1286 et
686 1215 804 1286 clerus
827 1238 938 1286 unam
955 1239 1090 1288 nonam
1107 1218 1202 1291 deei-

252 1352 362 1400 mam.
415 1329 471 1401 lbi
496 1338 533 1402 et
558 1354 622 1402 rex
648 1330 776 1402 statuit
802 1339 838 1402 et
863 1330 948 1404 fecit
974 1333 1200 1426 proclamari,

253 1445 351 1540 quod
371 1447 493 1518 nullus
516 1446 690 1542 Anglieus
714 1447 852 1519 ratione
875 1447 1033 1520 nominis
1057 1458 1121 1521 aut
1146 1474 1201 1523 ar-

251 1586 408 1648 morum,
445 1586 525 1658 quae
564 1573 736 1659 tanquam
770 1581 844 1636 rex'
867 1564 1027 1637 Franciae
1061 1565 1199 1653 habuit,

252 1702 376 1752 secum
393 1703 492 1752 arma
510 1690 680 1776 portaret.

301 1794 386 1868 Cito
404 1805 487 1893 post
506 1796 656 1886 Pascha,
671 1822 792 1871 comes
811 1798 1021 1872 Sarisburiae
1038 1809 1075 1872 et
1089 1798 1200 1873 Suth-

250 1912 391 1986 folchiae
419 1939 502 1986 cum
532 1916 659 2011 paucis
689 1915 836 1990 armatis
867 1916 993 1988 dantes
1022 1916 1207 1990 insultum·

250 2030 343 2102 villae
370 2031 414 2104 de
440 2030 529 2130 Lyle
554 2033 594 2106 in
616 2033 795 2120 Flandria,
823 2058 903 2129 quae
929 2034 1080 2107 adhaesit
1105 2035 1200 2130 parti

250 2149 394 2243 tyranni
423 2149 656 2237 Francorum,
688 2151 795 2223 nimis
829 2152 874 2224 de
903 2176 1029 2249 prope,
1061 2152 1199 2225 scilicet

250 2263 342 2336 infra
358 2275 482 2361 portas
500 2265 657 2341 Francos
675 2267 854 2365 fugientes
871 2268 1068 2364 insequuti,
1086 2277 1198 2364 ponte

250 2381 405 2453 demisso
439 2391 476 2454 et
510 2382 606 2456 sasce
641 2391 863 2454 armatorum
896 2382 1057 2476 undique
1092 2383 1197 2477 septi,

249 2498 423 2584 conclusi,
451 2499 559 2594 capti,
589 2498 627 2570 in
653 2497 843 2571 Franciam
871 2507 956 2572 sunt
983 2497 1196 2570 transmissi.

250 2611 354 2686 Duos
379 2613 461 2686 illos
487 2613 631 2700 milites,
651 2614 692 2688 si·
707 2638 782 2686 non
808 2613 935 2686 debeat
961 2613 1104 2685 obstare
1129 2612 1199 2684 ista

250 2729 445 2816 temeritas,
464 2730 749 2826 probatissimos
768 2729 1012 2800 inhumaniter
1028 2727 1199 2801 tractavit

249 2847 405 2941 superba
436 2839 636 2941 indignatio
668 2845 903 2931 Gallicorum,
939 2844 1034 2918 ferro
1067 2868 1198 2940 nempe

247 2961 390 3035 vinctos
411 2963 576 3058 quamvis
600 2963 669 3036 fide
692 2961 906 3059 interposita
928 2961 1099 3048 redditos
1124 2985 1199 3034 non

249 3102 357 3174 super
374 3103 485 3174 equos
504 3080 568 3154 sed
585 3079 624 3151 in
639 3079 723 3174 biga
738 3087 875 3164 vectos,
891 3078 994 3174 quasi
1010 3077 1197 3174 praedones

248 3195 286 3266 in
309 3197 428 3269 medio
452 3197 644 3292 cujuslibet
670 3195 827 3268 civitatis
852 3219 973 3292 parvae
999 3219 1064 3267 sen
1090 3195 1195 3282 villae,

249 3314 404 3386 clamore
421 3315 651 3410 popularium
668 3313 983 3411 blasphemandos
1003 3312 1087 3409 biga
1103 3320 1197 3386 stare

244 3428 357 3522 jussa,
384 3430 482 3525 ipsos
509 3431 612 3503 duxit
638 3430 683 3502 ad
709 3439 924 3527 conspectus
951 3428 1107 3526 tyranni,
1134 3429 1198 3523 qni

248 3545 415 3639 squalore
441 3546 608 3618 carcerali
634 3555 834 3619 maceratos
857 3545 1094 3619 interfecisset
1120 3552 1197 3616 tur-

248 3662 354 3758 piter,
377 3661 447 3733 nisi
463 3662 577 3736 fretus
595 3663 745 3736 consilio
763 3663 857 3760 regis
875 3662 1060 3735 Bohemiae
1077 3687 1099 3736 a
1116 3686 1197 3737 eru-

253 3788 340 3852 enta
356 3779 505 3852 hbidine
524 3779 770 3855 abstinuisset.

297 3896 417 3968 Anno
447 3895 598 3971 Domini
628 3896 860 3993 1340,·regni
886 3897 943 3970 sui
965 3895 1108 3993 Angliae
1140 3899 1196 3982 14,

248 4007 417 4086 dominus
446 4038 521 4088 ren¹
541 4015 658 4090 tenuit
683 4014 817 4090 festum
838 4014 1074 4088 'Pentecostes
1101 4013 1199 4107 apud

249 4128 531 4226 Gippeswicum,
561 4156 684 4228 supra>
699 4155 807 4206 suurn
834 4128 1041 4228 passagium
1071 4150 1197 4200 versus

249 4245 463 4335 Flandriam,
494 4247 685 4322 intendens
720 4247 963 4322 transmittere
998 4267 1081 4316 eum
1111 4243 1197 4318 sinr-
