3136 5016
255 658 365 709 11111.
378 635 451 726 18.]
483 655 528 704 arr
548 653 742 715 111111111
762 654 1003 709 swrnanona.
1161 638 1208 714 75

254 787 322 859 niae
345 809 419 859 non
437 785 475 856 in
492 781 666 878 Angliam
680 783 805 877 jussus
822 783 950 870 redire,
970 809 991 858 a
1009 788 1209 883 quaestione

254 901 524 990 111110111001011
540 899 685 975 concilii
702 899 834 995 reginae
846 902 973 975 videns
992 927 1030 976 se
1047 905 1209 978 totaliter

254 1027 532 1115 sequestratum,
551 1016 616 1102 sed
638 1015 683 1088 R.
706 1016 751 1088 de
774 1015 886 1089 Mort'
910 1027 947 1091 et
970 1020 1059 1094 alios
1082 1021 1209 1118 profu-⁴

253 1143 356 1230 gatos
383 1134 477 1229 regis
506 1131 646 1219 domini
671 1131 728 1204 sui
754 1131 920 1206 inimicos
947 1135 1071 1209 locum
1099 1161 1208 1211 suum

255 1251 375 1346 quoad
404 1249 535 1345 regina
564 1246 848 1321 familiaritatem
875 1272 1082 1348 usurpasse,
1114 1255 1208 1326 clam

254 1366 476 1462 repatriavit.
529 1362 838 1437 commovebatur
854 1365 988 1460 Anglia
1009 1368 1055 1440 de
1076 1369 1208 1464 reginae

255 1507 359 1554 mora
400 1482 447 1554 ad
489 1480 583 1576 regis
622 1479 888 1576 displicentiam
921 1491 1025 1556 extra
1058 1507 1209 1580 regnum

256 1599 374 1672 filium
403 1621 512 1671 suum
542 1595 748 1680 detinentis,
777 1596 994 1692 quibusdam
1022 1601 1211 1673 asserenti-

255 1716 324 1788 bus
347 1714 445 1810 quod
468 1712 574 1785 inviti
597 1709 863 1798 detinebantur,
882 1711 962 1786 aliis
985 1713 1209 1808 conjicienti-

256 1833 324 1905 bus
351 1832 449 1928 quod
474 1829 610 1905 illicitis
637 1828 886 1924 complexibus
916 1838 953 1902 et
983 1830 1027 1902 de
1056 1829 1210 1906 Mortuo

257 1949 348 2021 111111
373 1949 532 2034 delinita,
560 1970 646 2020 cum
671 1946 752 2041 ipso
777 1953 814 2020 at
838 1945 918 2018 aliis
943 1946 1106 2044 profugis
1132 1947 1209 2022 An-

257 2067 399 2161 glornm
416 2089 507 2162 quos
523 2066 563 2136 in
579 2062 731 2136 Francia
750 2063 921 2158 reposuit,
941 2065 1058 2139 noluit
1080 2066 1208 2155 redire,

258 2182 320 2254 sed
341 2182 406 2254 has
424 2191 460 2254 et
478 2180 564 2254 alias
582 2203 710 2254 causas
731 2180 890 2254 diversas
908 2181 1125 2276 quibusdam
1143 2183 1209 2256 111-

257 2321 326 2385 sas,
356 2298 573 2395 quibusdam
599 2321 685 2371 vero
713 2295 927 2390 semiplenas
954 2300 1210 2392 praetendenti-

257 2414 337 2500 bus,
368 2412 529 2510 episcopi
562 2410 826 2486 Lincolnieusie
860 2420 897 2484 et
932 2411 1210 2487 Herefordensis

243 2528 394 2602 conscii
422 2527 570 2622 negotii,
598 2527 703 2621 cujus
737 2527 848 2599 finem
881 2529 1087 2624 expectavit
1120 2528 1212 2603 irata

257 2644 393 2739 virago,
413 2642 643 2715 conscientiae
660 2649 840 2714 secretum
857 2641 1051 2736 difflarunt.

280 2848 282 2858 y
308 2759 483 2832 Vindicta
502 2757 687 2832 muliebris
705 2757 791 2864 anui
809 2756 997 2854 dispendio
1011 2760 1088 2855 jam
1105 2783 1211 2834 exco-

259 2878 383 2974 gitata,
411 2875 561 2949 calicem
587 2873 869 2970 propinandum,
896 2899 1047 2948 suorum
1075 2885 1211 2950 amato-

258 3019 343 3066 rum
377 2992 548 3066 oonsultu
582 2991 737 3064 finaliter
770 2992 996 3088 praeparavit.
1063 2993 1107 3066 Iu
1141 2995 1213 3067 fine

259 3111 394 3208 quippe
411 3110 497 3182 anni
515 3109 762 3204 Hanegoudiae
783 3109 821 3181 111
844 3118 965 3204 partes
985 3111 1109 3206 regina
1128 3136 1212 3208 pro-

259 3229 363 3314 fecta,
395 3227 464 3299 toti
496 3225 635 3298 mundo
664 3226 781 3298 filium
811 3251 919 3300 suum
949 3227 1140 3300 amabilem
1170 3253 1213 3302 10

260 3343 524 3418 formidabilem
548 3343 683 3440 absque
707 3343 859 3415 consilio
876 3368 1069 3439 procerum
1086 3345 1212 3440 Angli-

260 3485 389 3533 corum
411 3459 606 3546 maritavit,
626 3459 770 3532 comitis
793 3459 972 3534 Hanoniae
994 3462 1105 3534 filiam
1129 3461 1213 3534 Phi-

260 3576 401 3672 lippam
424 3573 492 3650 sibi
514 3577 738 3672 conjungens
757 3577 905 3672 nuptiis,
923 3579 1009 3650 licet
1029 3578 1213 3652 inconsul-

261 3693 321 3780 tis,
354 3701 514 3766 attamen
543 3694 655 3788 prolis
685 3693 873 3766 nobilitate
903 3694 1103 3790 multigena
1132 3717 1213 3768 suo·

262 3833 367 3884 sessu
389 3817 535 3905 postero
557 3808 783 3896 beatificatis,
801 3817 843 3880 ut
869 3831 936 3884 suo
959 3809 1041 3882 loco
1063 3810 1213 3906 patebit.

262 3925 456 4021 Colligitur
479 3926 658 3999 exercitus
684 3935 906 3999 armatorum
923 3926 967 3998 de
984 3925 1156 3999 Hanonia
1178 3933 1215 3996 et

264 4042 471 4130 Germania,
502 4052 680 4117 vocantur
709 4043 756 4114 ad
785 4043 964 4138 stipendia
998 4067 1040 4114 ex
1070 4041 1215 4113 dotibus

263 4183 366 4231 novae
386 4170 510 4257 nuptae
534 4160 781 4255 persolvenda.
835 4159 1016 4231 Praeerant
1041 4154 1216 4228 exercitui
1248 4223 1251 4228 .

264 4276 435 4350 militares
465 4277 534 4350 viri
561 4277 724 4350 Joannes
754 4275 898 4348 opuntis
928 4272 1107 4344 Hanoniae
1137 4295 1214 4367 ger·
