3118 5008
239 603 1033 694 1111334]ιεΒΑκΕηυΕεινιΝΒκοΚΕ.
1123 603 1192 672 123
1320 653 1333 687 ,

238 754 285 826 ad
304 775 429 848 preces
449 751 705 848 episcoporum
728 751 767 822 in
790 750 1029 846 parliamento
1047 749 1192 822 Londo-

239 871 308 943 niae
327 870 483 966 gratiose
503 869 648 942 refudit.
702 867 786 939 Hoc
809 891 905 940 anno
928 891 993 964 per
1015 866 1193 964 provisio-

238 1012 324 1060 nem
352 1012 456 1084 papae
491 987 661 1059 dominus
692 985 869 1058 Ricardus
900 985 944 1056 de
974 983 1088 1080 Bury,
1120 985 1194 1056 cito

238 1113 323 1202 post
340 1104 476 1178 festum
488 1102 715 1190 Natiuitatis,
728 1102 766 1174 in
784 1101 1005 1174 monasterio
1023 1102 1068 1173 de
1081 1099 1194 1174 Cher·

238 1231 373 1317 teseye,
397 1244 464 1317 per
484 1219 676 1292 dominum
693 1217 892 1291 Wintoniae
918 1218 956 1289 in
982 1218 1194 1314 episcopum
1253 1273 1258 1280 „

104 1329 106 1333 ’
239 1337 528 1410 Dunelmensem
544 1335 615 1409 fuit
632 1343 877 1408 consecratus.

291 1452 443 1526 ANNO
461 1450 612 1526 Domini
631 1454 740 1538 1334,
759 1450 852 1547 regis
871 1459 1012 1539 octavo,
1028 1453 1101 1526 cito
1113 1463 1197 1549 post

240 1570 376 1644 festum
410 1569 528 1644 sancti
561 1567 741 1666 Dionysii,
770 1566 932 1642 Joannes
957 1569 1197 1666 archiepisco-

240 1713 309 1785 pus
336 1686 608 1760 Cantuariensis
633 1684 882 1759 transfretavit
907 1710 1033 1759 versus
1060 1686 1197 1783 Philip·

241 1830 331 1902 pum
345 1804 389 1877 de
401 1803 550 1877 Valesio
567 1812 741 1877 vocatum
758 1826 881 1898 regem
899 1802 1074 1892 Francia,
1090 1827 1198 1899 quem

242 1922 330 2022 libet
358 1922 554 1995 decaetero
576 1944 707 1994 vocare
731 1927 940 2017 tyrannum,
966 1921 1051 2017 quia
1078 1921 1197 1994 inimi·
1329 2012 1333 2025 l

245 2063 330 2112 cum
343 2038 494 2133 justitiae
508 2037 725 2125 communie,
740 2045 778 2110 et
789 2038 953 2134 praedicti
966 2038 1083 2113 sancti
1095 2040 1199 2135 regni

245 2156 474 2230 intrusorem.
510 2155 572 2227 Ad
581 2155 798 2252 praedictum
811 2163 1008 2251 tyrannum
1021 2158 1198 2230 accedens

244 2273 438 2370 episcopus
466 2271 675 2369 praedictus
698 2273 756 2345 vir
781 2297 922 2367 magnae
950 2273 1133 2368 sapientiae
1163 2283 1200 2347 et

246 2391 375 2462 doctor
391 2389 557 2485 egregius
570 2389 761 2483 utriusque
775 2387 879 2483 juris,
893 2388 999 2482 petiit
1011 2389 1200 2461 continua·

246 2505 385 2578 tionem
397 2504 564 2577 amicitiae
578 2505 674 2577 inter
690 2503 891 2597 regnatore
904 2505 1198 2600 prosperandam,

245 2645 312 2717 per
328 2629 497 2693 mutuam
519 2620 750 2692 dilectionem
775 2619 870 2692 inter
893 2620 1015 2715 ipsum
1031 2629 1202 2693 vocatum

224 2763 369 2835 'regem
399 2737 624 2811 Francorum
654 2746 691 2810 et
720 2737 911 2809 dominum
940 2760 1049 2809 suum
1076 2763 1203 2835 regem

155 2935 157 2941 s
247 2855 401 2954 Angliae.
457 2853 624 2929 Secundo
648 2855 753 2952 petiit
776 2863 982 2953 atyranno,
1002 2857 1100 2952 quod
1117 2857 1204 2929 civi·

248 2982 341 3048 tates
370 2984 407 3048 et
436 2982 555 3048 castra
588 2996 654 3070 per
682 2981 824 3069 patrem
853 2973 999 3069 tyranni
1029 2972 1203 3046 Carolum

248 3092 473 3189 proditorem
485 3090 524 3163 in
536 3089 734 3187 Aquitania
750 3099 870 3186 capta,
884 3091 929 3163 ab
946 3090 1027 3186 ipso
1045 3091 1203 3178 detenta,

249 3209 397 3284 domino
416 3233 483 3282 suo
501 3209 577 3304 regi
594 3208 714 3281 forent
731 3207 910 3282 restituta.
956 3207 1091 3295 Terti0,
1106 3212 1204 3306 quod

147 3421 148 3427 η
249 3327 443 3423 praedictus
474 3335 651 3423 tyrannus
686 3325 884 3398 dimitteret
918 3349 1023 3398 suam
1052 3351 1205 3402 manum

251 3441 514 3515 auxiliatricem
537 3465 558 3514 a
580 3440 700 3515 Sectis
722 3441 791 3514 sibi
816 3443 1145 3539 impertinentibuS,
1168 3454 1205 3519 et

253 3567 381 3630 contra
399 3557 480 3629 illos
502 3558 647 3652 juvaret
672 3557 807 3630 auxilio
822 3559 882 3630 vel
902 3559 1054 3632 consilio
1072 3583 1137 3633 seu
1152 3560 1205 3633 fa-

252 3695 340 3745 vore
366 3697 475 3746 suum
500 3683 708 3768 cognatum,
735 3698 856 3769 regem
881 3673 1046 3771 Angliae:
1074 3657 1206 3751 annec-

253 3799 334 3864 tens
360 3789 517 3863 finaliter
539 3791 729 3863 dominum
754 3815 863 3864 suum
888 3816 1010 3889 regem
1036 3796 1206 3892 saepedic-

254 3916 334 3980 tum
368 3908 437 3981 sub
467 3907 525 3979 his
551 3907 820 3981 conditionibus
853 3908 1006 3984 libenter
1039 3921 1207 4008 paratum

255 4024 410 4120 propriis
441 4026 648 4121 sumptibus
678 4026 724 4099 ad
748 4025 898 4099 Terram
927 4026 1096 4100 Sanctam
1122 4052 1207 4123 pro-

255 4140 369 4214 ficisci
391 4151 518 4214 contra
539 4143 707 4225 inimicos
731 4141 1018 4240 crucisuChristi,
1037 4165 1123 4214 cum
1145 4143 1208 4216 illo

255 4265 384 4331 vocato
401 4283 484 4355 rege
497 4257 731 4334 Francorum.
781 4257 840 4330 Ad
856 4259 934 4330 haec
952 4267 1127 4355 tyrannus
1144 4261 1207 4334 ad·
