3110 5026
220 665 295 720 mn.
315 645 439 736 1349]
480 667 525 716 nn
544 668 672 718 narina
691 667 739 718 on
759 667 999 717 swruunorrn.
1097 645 1168 721 197

218 805 309 883 tum,
336 818 412 867 non
434 803 689 867 caementatum
714 792 781 870 sed
803 793 944 881 fictum,
963 801 999 865 et
1024 791 1170 870 residuo

216 937 320 985 muro
345 913 589 1014 continualem
616 913 655 985 in
681 913 870 1009 superficie
895 911 1105 1007 levigatum,
1132 920 1171 985 et

213 1029 267 1101 ita
296 1029 491 1125 sophistice
521 1031 622 1126 operi
651 1031 801 1126 antiquo
831 1028 1043 1124 effigiatum,
1071 1028 1169 1124 quod

215 1145 358 1222 nescius
375 1146 525 1222 cautelae
543 1146 699 1241 aliquem
721 1145 772 1216 ibi
793 1145 977 1217 inclusum
992 1168 1068 1216 non
1083 1167 1168 1239 pos-

214 1261 475 1357 set'suspicari
501 1261 667 1334 faciliter.
719 1260 812 1333 Item
846 1283 995 1356 grossus
1026 1284 1167 1332 meren-

214 1377 320 1450 nium
336 1378 458 1474 pontis
475 1376 653 1450 versatilis
671 1401 755 1450 cum
772 1401 852 1449 sera
873 1375 960 1448 fecit
978 1375 1052 1448 sere
1075 1399 1166 1472 prae-

214 1494 345 1580 scindi,
368 1495 423 1568 ita
443 1504 565 1568 tamen
582 1495 680 1590 quod
702 1494 841 1592 equites
865 1493 994 1566 armati
1018 1503 1168 1589 possent

213 1633 324 1706 super
340 1611 461 1707 ipsum
479 1611 649 1708 equitare.
703 1608 763 1684 Ad
783 1611 853 1684 hoc
876 1610 915 1681 in
932 1609 1090 1705 quodam
1112 1608 1168 1684 fo·

213 1728 351 1800 ramine
385 1727 426 1799 in
456 1727 547 1800 facie
581 1728 691 1801 turris
725 1727 830 1823 ponti
868 1726 1168 1822 supereminentis

214 1845 400 1940 quondam
421 1854 571 1918 arcuato
594 1869 702 1942 opere
726 1843 905 1932 confecto,
929 1844 1064 1939 grande
1085 1865 1166 1916 saxa

212 1985 279 2034 um
302 1963 501 2058 prudenter
525 1962 728 2050 collocavit,
750 1971 787 2035 et
812 1985 898 2036 curn
922 1961 986 2034 illo
1012 1961 1167 2034 militem

212 2077 316 2150 bonae
344 2079 430 2152 fidei
456 2080 693 2166 occultatum,
721 2079 784 2174 qui
812 2088 976 2174 tempore
1004 2100 1166 2174 congruo

163 2191 186 2212 '²'
213 2218 281 2290 per
303 2195 446 2268 ruinam
463 2197 552 2294 saxi
578 2206 729 2292 pontem
755 2195 945 2292 frangeret.
997 2193 1165 2269 Semica-

212 2334 298 2384 sum
322 2321 400 2385 erat
426 2310 560 2384 deinde
584 2311 677 2384 illud
702 2310 866 2383 foramen
892 2312 945 2382 ita
969 2311 1167 2406 prudenter

213 2427 402 2524 superficie
419 2435 526 2499 tenus
543 2425 775 2512 obduratum,
794 2424 893 2520 quod
913 2447 1007 2520 opus
1028 2448 1166 2496 novum

212 2563 297 2636 pars
319 2538 461 2634 antiqui
479 2547 679 2634 appareret,
698 2547 734 2610 et
755 2537 919 2610 inclusus
941 2545 1065 2632 posset
1088 2560 1166 2608 om-

212 2678 278 2727 ues
306 2655 482 2727 intrantes
508 2654 590 2726 visu
616 2676 816 2726 numerare.
869 2650 954 2724 Istis
981 2651 1097 2724 infieri
1127 2675 1166 2725 se

212 2769 430 2843 habentibus
461 2770 567 2843 valde
600 2769 739 2866 paucis,
781 2767 941 2841 innotuit
974 2767 1068 2862 regis
1102 2775 1167 2842 aut

211 2887 388 2983 principis
407 2887 549 2960 Walliaa
570 2886 773 2983 praesentia,
792 2885 855 2982 qui
877 2883 1051 2958 confectis
1073 2906 1165 2978 prae-

213 3001 331 3088 dictis,
350 3000 389 3073 in
405 3002 528 3074 villam
550 3013 686 3074 secrete
708 3025 748 3073 se
770 3007 997 3096 receperunt.
1049 2997 1166 3094 Igitur

213 3117 328 3212 pridie
358 3116 584 3212 peremtorias
614 3116 697 3202 diei,
727 3115 911 3189 Galfridus
941 3115 988 3186 de
1009 3111 1166 3210 ¹Charny

212 3232 312 3305 misit
329 3232 536 3329 quindecim
553 3255 638 3305 suos
654 3232 790 3319 fideles,
810 3255 893 3304 cum
910 3253 1042 3326 magna
1062 3235 1166 3325 parte

212 3348 292 3421 auri
320 3349 547 3443 proditionis,
577 3350 829 3445 exploratnros
858 3349 966 3421 fidem
994 3347 1167 3437 Emerici,

211 3472 251 3536 et
290 3465 402 3537 castri
441 3465 729 3562 dispositionem,
765 3465 827 3560 qui
869 3465 1169 3562 circumquaque,

211 3581 410 3678 quamlibet
444 3581 575 3653 turrim
605 3591 642 3654 et
672 3582 846 3677 angulum
875 3563 1044 3677 opertum
1077 3581 1165 3654 visi-

212 3704 346 3782 tantes,
374 3695 468 3768 nihil
498 3696 574 3769 suis
607 3697 703 3770 votis
736 3697 959 3770 contrarium
991 3721 1163 3794 percepe-

211 3821 309 3901 runt,
336 3811 434 3917 unde
461 3811 503 3884 in
528 3812 686 3886 crastino
712 3813 870 3886 fixerunt
898 3813 1163 3886 stationardum

211 3929 313 4024 regni
335 3928 559 4004 Francorum
580 3929 620 4003 in
642 3929 871 4003 eminentiori
896 3930 989 4004 turri
1010 3929 1163 4015 castelli,

211 4053 250 4116 et
277 4046 409 4118 vexilla
432 4044 604 4134 .Galfridi,
635 4046 790 4121 aliorum
820 4070 964 4142 quoque
997 4044 1161 4116 domino-

210 4184 305 4247 rum,
335 4185 445 4258 super
469 4163 558 4236 alios
586 4171 703 4236 turres
732 4165 955 4238 locaverunt.
1007 4159 1162 4234 Proinde

210 4278 403 4374 populares
430 4278 475 4353 de
502 4280 596 4353 villae
627 4281 791 4356 custodia
818 4304 909 4376 quos
940 4278 1047 4352 latuit
1075 4277 1165 4354 facia
