3118 5008
363 613 436 688 ’128
615 635 840 688 cuaourcou
861 635 1046 686 ssannrnr
1102 592 1316 706 [aulaea.

360 790 497 840 rannus
524 765 655 863 spiritu
680 763 813 838 furoris
841 775 878 839 et
906 766 1094 863 superbiae,
1119 767 1319 842 concitavit

362 882 488 956 Gallos
512 893 643 956 contra
659 882 849 979 Anglicos‚
874 882 973 955 unde
996 907 1126 979 guerra
1148 885 1319 959 terribilis

360 999 430 1073 fuit
456 1001 643 1087 suscitata,
660 1024 772 1096 quam
796 1000 887 1096 ipse,
912 1000 957 1072 de
983 1000 1107 1098 praelio
1135 1002 1255 1078 navali
1280 1012 1319 1076 et

361 1118 555 1214 campestri
580 1117 716 1214 pluries
740 1115 899 1210 fugatus
925 1127 1009 1213 post
1032 1111 1253 1191 occisionem
1278 1129 1316 1192 et

362 1243 549 1330 capturam
583 1245 715 1331 regum
743 1234 941 1322 Bohemiae,
971 1233 1103 1309 Scotiae
1138 1246 1176 1312 et
1203 1236 1316 1312 Fran-

361 1351 438 1439 ciae,
473 1361 511 1425 et
543 1354 700 1425 multam
729 1350 867 1425 Christi
902 1352 1076 1448 sanguine
1110 1353 1316 1452 redempto-

358 1493 444 1540 rum
473 1469 659 1565 sanguinis
689 1468 914 1557 effusionem,
943 1493 1019 1542 uon
1044 1471 1168 1567 potuit.
1193 1473 1315 1546 termi-

360 1608 458 1658 nare.

411 1700 559 1774 ANNO
596 1699 747 1775 Domini
781 1703 890 1790 1336,
927 1704 1024 1777 eirca
1057 1704 1313 1802 Epiphaniam,

358 1843 424 1890 rex
454 1829 491 1890 et
521 1818 815 1916 archiepiscopus
843 1820 888 1892 de
916 1820 1039 1894 Scotia
1069 1831 1154 1895 sunt
1180 1823 1316 1896 reversi

360 1959 427 2030 pro
449 1935 637 2030 sepultura
661 1934 799 2007 domini
815 1934 841 2007 J
843 1936 970 2011 oannis
988 1934 1185 2011 D'Eitham
1202 1937 1314 2010 comi-

358 2051 408 2124 tis
427 2047 631 2138 Cornubiae,
651 2052 814 2148 germani
837 2053 943 2149 regis,
962 2053 1080 2149 quiin
1098 2078 1222 2127 mense
1240 2053 1316 2128 Oc-

360 2167 474 2242 tobris
500 2169 599 2264 apud
624 2168 821 2266 Berewyke
849 2179 966 2243 morte
994 2171 1179 2244 communi
1202 2171 1313 2245 obiit:

326 2341 332 2348 .
357 2285 457 2382 apud
481 2284 851 2364 Westmonasterium
875 2288 999 2386 ipsum
1022 2288 1253 2384 sepelierunt,
1278 2299 1315 2362 et

356 2415 559 2480 convocato
577 2405 776 2480 Londoniae
797 2407 1051 2504 parliamento,
1070 2408 1117 2480 ad
1140 2407 1235 2480 diem
1258 2409 1313 2481 iu-

356 2548 415 2598 nae
448 2534 532 2622 post
567 2522 701 2598 festum
733 2524 850 2598 sancti
879 2514 1049 2598 Matthiae
1079 2527 1247 2623 apostoli,
1278 2536 1314 2600 et

359 2639 554 2714 Dominica
577 2639 885 2738 Quadragesimae,
909 2640 996 2714 fecit
1022 2641 1213 2716 dominum
1239 2641 1314 2714 Ed-

356 2758 521 2830 wardum
555 2757 682 2834 filium,
708 2781 816 2831 suum
850 2757 1147 2855 primogenitum,
1182 2759 1312 2832 ducem

355 2872 553 2948 Cornubiae
579 2883 616 2947 et
642 2875 832 2948 dominum
855 2875 1058 2948 Henricum
1084 2875 1129 2947 de
1154 2873 1312 2949 Lancas-

355 2993 438 3079 tria‚
462 2993 592 3077 filium,
616 2993 787 3065 comitem
810 2991 965 3080 Derbiae,
990 2993 1179 3068 dominum
1203 2991 1310 3064 Will-

351 3110 493 3181 elmum
528 3108 572 3180 de
610 3107 747 3180 Bohun
781 3109 960 3182 comitem
994 3108 1311 3204 Northamptonae‚

354 3224 544 3296 dominum
558 3221 801 3328 *Willelmum
830 3225 875 3297 de
906 3224 1037 3299 Monte
1066 3236 1174 3300 acuto
1198 3227 1312 3300 comi·

353 3351 429 3416 tem
452 3338 677 3426 Saresberiae,
700 3341 891 3415 dominum
914 3342 1117 3416 Robertum
1139 3340 1310 3420 Defforde

356 3458 527 3530 comitem
546 3456 764 3546 Suffolchiae‚
784 3459 974 3534 dominum
992 3459 1189 3556 Hugonem
1209 3457 1309 3535 Dau-

352 3575 434 3648 dele
466 3575 637 3648 comitem
667 3573 918 3665 Gioueestriae,
949 3579 1141 3651 dominum
1169 3577 1308 3650 Willel-

350 3716 458 3768 mum
483 3693 527 3766 de
555 3693 726 3767 Cliutone
752 3696 924 3769 comitem
947 3694 1246 3790 Huntingdoniae,
1272 3703 1309 3767 et

355 3809 537 3883 cumillis
564 3809 612 3882 24
639 3811 784 3884 milites.
837 3811 881 3884 In
906 3812 1033 3883 eodem
1056 3832 1199 3904 quoque
1225 3833 1309 3904 par-

350 3925 527 4002 liamento
556 3935 736 4001 statutum
761 3926 842 4013 suit,
865 3926 964 4022 quod
990 3925 1092 3996 nulla
1120 3923 1205 3995 lana
1231 3949 1309 3998 cre-

354 4066 459 4116 scens
484 4043 522 4115 in
539 4043 674 4139 Anglia
692 4065 845 4135 regnum
862 4040 988 4128 exiret,
1007 4039 1071 4114 sed
1088 4040 1187 4136 quod
1204 4065 1249 4114 ex
1266 4065 1310 4116 ea

353 4161 501 4257 Anglici
523 4159 798 4256 pannificarent,
821 4166 857 4230 et
880 4157 979 4252 quod
1003 4180 1129 4232 omnes
1153 4157 1308 4232 fullones

351 4286 388 4350 et
412 4286 571 4352 textores
595 4298 826 4387 quocumque
850 4275 963 4372 gradu
990 4275 1036 4350 ad
1061 4275 1309 4373 pannifacien-
