3110 5026
398 620 471 702 26‘2
651 650 877 700 CHRONICON
897 650 1081 699 oninium
1139 628 1351 718 [naisso.

395 803 537 876 campo.
600 777 684 851 Hoc
714 801 789 850 non
818 775 1009 872 perpendit
1040 774 1171 870 dignus
1200 776 1351 850 illustri-

396 896 465 970 bus
493 894 702 992 parentibus
730 891 851 980 heros',
879 891 1048 966 dominus
1075 891 1278 966 Mauricius
1306 891 1351 968 de

397 1001 595 1107 Berkeleyc
620 1009 717 1081 filius
742 1007 904 1094 Thomas,
932 1007 994 1103 qui
1021 1032 1085 1103 per
1108 1017 1226 1082 totam
1252 1010 1351 1106 prin·

396 1129 488 1224 cipis
534 1125 803 1222 expeditionem
852 1124 1044 1200 hiemalem
1086 1124 1132 1196 ad
1174 1127 1350 1200 vexillum

394 1269 483 1318 suos
517 1245 666 1331 ducens,
702 1242 796 1316 inter
832 1241 1035 1339 praecipuos
1068 1249 1177 1337 atque
1211 1244 1349 1338 primos

394 1361 514 1457 primo
548 1383 663 1433 comu
697 1358 978 1432 belloforontum
1007 1381 1195 1452 nunquam
1226 1357 1348 1430 delicit

395 1499 462 1549 sua
491 1484 633 1571 sponte,
660 1475 729 1548 hac
758 1474 848 1547 hora
878 1473 984 1547 solito
1013 1489 1100 1546 cum
1129 1474 1349 1570 primoribus

394 1591 518 1664 hostes
535 1590 721 1678 invadens,
739 1589 870 1687 dignos
891 1589 1034 1663 aeternis
1054 1588 1222 1662 laudibus
1246 1599 1349 1663 actus

395 1716 523 1780 contra
553 1707 679 1780 Gallos
714 1705 930 1778 fulminavit.
985 1703 1059 1777 Hic
1089 1703 1262 1800 Delphini
1288 1726 1348 1778 sa-

394 1824 507 1920 trapis
524 1823 674 1910 mixtus
693 1831 730 1894 et
752 1823 791 1893 in
813 1845 876 1894 eos
900 1819 1051 1894 saeviens
1068 1829 1207 1894 armata
1222 1844 1346 1910 manu,

394 1963 469 2010 non
511 1939 663 2033 putabat
701 1937 825 2032 fugere
859 1936 1017 2011 Francos
1051 1938 1223 2032 quamdiu
1256 1938 1349 2011 vidit

393 2055 475 2126 illos
509 2061 659 2138 erectos,
687 2061 725 2126 et
755 2053 802 2124 ad
831 2053 1010 2126 anteriora
1039 2061 1138 2126 totus
1173 2053 1348 2140 intentus

394 2191 479 2242 suos
505 2192 734 2264 nequaquam
759 2169 955 2264 respiciens
980 2193 1002 2242 a
1027 2179 1141 2264 tergo,
1168 2194 1235 2243 nec
1261 2195 1347 2244 oon-

394 2287 574 2382 templans
608 2286 646 2358 in
680 2310 761 2359 aere
791 2286 904 2382 signa,
937 2269 1035 2360 solus
1065 2289 1349 2383 persequebatur

395 2425 560 2475 securam
607 2402 775 2476 militiam
822 2403 944 2496 magni
991 2401 1177 2498 Delphini,
1221 2411 1348 2476 contra

394 2543 504 2613 quam
529 2516 666 2605 lancea,
692 2519 895 2613 deindeque
921 2519 1040 2615 gladio
1066 2528 1103 2592 et
1125 2520 1266 2592 ¹caeteris
1291 2541 1347 2590 ar-

394 2634 463 2704 mis
493 2633 665 2706 invasivis
693 2633 865 2706 virilitate
899 2655 994 2707 saeva
1027 2633 1232 2719 confractis
1266 2643 1346 2706 tan-

393 2750 477 2821 dem
510 2749 744 2823 multitudine
775 2751 873 2822 solus
903 2749 1058 2845 stipatus
1079 2749 1232 2838 horride
1262 2771 1345 2822 san-

392 2866 470 2938 cius
494 2890 536 2938 ac
558 2866 665 2938 vivus
688 2875 826 2961 raptus
852 2866 970 2960 pretio
993 2867 1120 2940 salutis
1144 2876 1347 2940 reservatus

393 2985 458 3050 est.
515 2977 666 3050 Interim
694 2977 809 3049 nostri
836 3001 921 3050 suos
948 2979 1156 3052 vulneratos
1184 2979 1251 3051 sub
1279 2979 1345 3051 du-

392 3092 461 3164 mis
484 3101 520 3164 et
542 3093 687 3188 sepibus
713 3093 956 3189 applicabant,
980 3093 1040 3165 alii
1067 3096 1210 3167 lanceas
1235 3104 1346 3190 atque

392 3231 597 3295 mucrones,
622 3209 697 3281 suis
721 3209 886 3280 contritis
909 3208 1132 3302 integriores,
1151 3233 1173 3280 a
1192 3209 1346 3284 devictis

392 3321 551 3416 rapiunt,
580 3331 616 3393 et
649 3322 889 3394 arcitenentes
924 3322 1110 3394 extrahere
1144 3325 1295 3419 sagittas
1324 3352 1347 3398 a

392 3435 602 3509 miserrimis
638 3435 820 3508 semivivis
853 3435 1082 3513 festinarunt.
1147 3439 1235 3513 Non
1269 3453 1346 3515 erat

392 3551 521 3647 aliquis
555 3551 652 3623 enirn
689 3554 900 3627 vnlneratus
942 3561 1006 3626 aut
1049 3556 1182 3630 eximio
1223 3559 1346 3632 labore

391 3663 520 3750 fessus,
552 3663 703 3737 devictis
728 3665 824 3738 ‘solis
854 3665 1137 3763 quadringentis,
1166 3668 1227 3764 qui
1258 3694 1344 3742 vex-

390 3779 452 3850 illo
492 3779 684 3875 principali
724 3781 994 3855 subservierunt
1031 3779 1081 3856 ad
1122 3785 1344 3858 obviandum

391 3903 575 3983 coronat0,
598 3919 743 3990 suaeque
765 3897 900 3971 militiae
923 3901 1108 3973 reservati.
1160 3900 1345 3997 Delphino

391 4011 511 4083 taliter
537 4010 744 4106 profugato,
763 4012 909 4106 quidam
936 4015 1055 4111 campi
1081 4017 1345 4112 contemplator

392 4122 438 4193 ad
472 4133 685 4196 coronatum
719 4125 831 4211 venit,
866 4124 917 4198 ita
945 4127 1096 4200 dicens:
1137 4127 1343 4217 “Domine,

393 4262 544 4336 campus
561 4241 724 4336 Anglicis
748 4241 868 4330 cessit,
888 4251 925 4316 et
947 4243 1115 4341 dominus
1138 4268 1241 4318 meus
1263 4269 1344 4319 ves-

1543 751 1544 762 ,

1543 919 1544 950 t

1543 965 1544 992 l

1543 2325 1544 2359 l
