3110 5026
285 639 502 733 i.1›.1356.]
533 665 578 712 ns
598 663 726 712 slusa
745 665 792 712 na
812 663 1055 714 swrunnons.
1163 645 1233 716 251

283 796 474 891 insequens
492 796 698 894 occupavit,
717 798 815 893 quod
834 797 955 893 rapuit
978 797 1023 868 ab
1046 797 1126 893 ipsa
1146 797 1238 869 duos

283 913 446 1000 comites,
477 914 615 986 scilicet
651 913 695 986 de
728 913 853 1010 Juyny
887 922 924 986 et
959 913 1003 984 de
1032 911 1237 1000 Wanterre,

282 1041 390 1125 atque
420 1031 672 1103 marescallum
703 1029 908 1123 Burgoniae.
972 1028 1057 1102 Istis
1092 1029 1238 1102 domitis

282 1154 320 1217 et
348 1146 475 1218 salutis
501 1146 620 1241 pretio
647 1144 849 1231 reservatis,
877 1145 1063 1240 perierunt
1089 1145 1239 1241 inopino

284 1260 376 1333 duro
400 1262 610 1347 certamine,
633 1285 786 1334 numero
804 1284 936 1356 magno
952 1261 1021 1333 viri
1038 1263 1174 1356 togati3
1203 1270 1240 1334 et

283 1376 362 1448 haec
390 1401 457 1472 per
487 1377 583 1450 diem
615 1376 775 1465 Sabbati,
806 1376 1015 1473 proximum
1050 1376 1121 1449 diei
1153 1377 1240 1448 belli

284 1493 479 1588 sequentis
509 1493 749 1589 contigerunt.
811 1493 930 1566 Nocte
957 1500 1174 1590 properante
1201 1493 1240 1564 in

283 1609 442 1705 quodam
463 1635 610 1683 nemore
633 1611 749 1683 nostri
772 1610 999 1706 quieverunt,
1019 1619 1055 1682 et
1081 1611 1119 1681 in
1145 1633 1241 1683 cras·

282 1725 362 1798 tino
389 1750 516 1800 versus
543 1727 765 1799 territorium
792 1727 1018 1800 Pictaviense
1044 1727 1237 1824 progressi,

283 1845 460 1939 comperti
494 1854 593 1932 sunt,
629 1845 745 1917 relatu
783 1845 1105 1942 discoopertorum,
1142 1844 1240 1940 quod

283 1969 476 2033 coronatus
512 1961 640 2034 castris
675 1961 849 2034 ordinatis
880 1984 918 2033 se
948 1960 1165 2056 praeparavit
1194 1960 1240 2032 ad

282 2077 419 2152 bellum
445 2078 658 2166 ineundum,
686 2081 754 2152 nec
779 2080 940 2152 multum
966 2088 1050 2175 post
1077 2078 1156 2150 haec
1183 2100 1237 2150 as-

284 2205 442 2268 serentes
463 2195 524 2267 alii
547 2195 835 2289 discoopertores
856 2204 1072 2268 coronatum
1093 2219 1241 2291 promo·

282 2312 378 2384 visse
406 2319 526 2382 castra
550 2333 677 2381 versus
705 2318 861 2394 nostros,
887 2312 1150 2384 consuluerunt
1175 2313 1239 2385 do-

283 2425 426 2496 minum
458 2423 662 2519 principem
694 2423 817 2496 locum
851 2425 1058 2496 certaminis
1096 2427 1237 2520 eligere,

285 2549 323 2613 et
349 2540 550 2613 exercitum
577 2539 754 2628 ordinare,
785 2564 832 2612 ne
862 2539 1087 2613 inordinatos
1115 2541 1238 2615 hostes

284 2656 439 2730 ordinati
472 2656 681 2751 reperirent.
736 2655 865 2728 Statim
894 2656 1064 2751 princeps
1095 2665 1132 2729 et
1161 2682 1238 2730 om-

284 2797 349 2846 nes
379 2773 440 2845 alii
471 2795 596 2845 secum
624 2772 764 2868 pedites
797 2771 1009 2859 consteturi,
1039 2774 1238 2848 dextrarios

284 2897 322 2981 et
351 2911 464 2983 equos
494 2888 617 2978 tutelae
646 2889 859 2985 garcionum
889 2888 1162 2977 commiserunt,
1193 2892 1239 2963 ad

285 3003 448 3077 hostium
480 3005 711 3077 venationem
745 3005 983 3078 resumendos
995 3037 1005 3094 ;
1041 3007 1150 3102 pauci
1185 3016 1238 3080 ta-

285 3144 370 3196 men
395 3121 491 3192 inter
515 3120 695 3194 exercitus
720 3122 940 3216 equitarunt,
968 3123 1084 3218 parati
1109 3147 1238 3196 secun-

285 3238 375 3311 dum
416 3260 556 3310 morem
598 3236 802 3309 hastiludiis
839 3239 1047 3333 guerrariis.
1116 3239 1239 3315 Prima

285 3354 416 3427 cohors
455 3353 635 3427 exercitus
670 3353 787 3427 nostri
820 3354 1013 3429 comitibus
1047 3355 1239 3431 Warewici

285 3479 322 3540 et
351 3468 504 3541 Oxoniae
534 3469 841 3557 committebatur,
873 3472 1039 3544 secundae
1069 3470 1237 3568 princeps

284 3585 496 3680 imperabat,
524 3594 561 3656 et
590 3586 697 3658 tertia
726 3587 919 3660 comitibus
950 3587 1167 3669 Saresburiae
1201 3600 1238 3664 et

284 3701 522 3776 Suthlolchiae
546 3704 850 3778 committebatur.
904 3707 948 3779 In
974 3717 1052 3781 toto
1077 3711 1238 3783 exercitu

283 3821 422 3894 domini
445 3820 619 3918 principis
644 3821 786 3894 fuerant
809 3824 957 3919 praecise
978 3833 1134 3921 quatuor
1155 3826 1237 3899 mil·
1308 3857 1310 3861 ·

202 3941 204 3948 ’
284 3939 333 4012 lia
358 3946 577 4035 togatorum,
605 3938 704 4010 mille
730 3939 937 4026 servientes,
965 3949 1001 4012 ct
1026 3941 1099 4012 duo
1125 3941 1239 4014 millia

287 4056 565 4148 sagittariorum.
623 4054 866 4152 Appropiavit
895 4056 1104 4152 pompatica
1134 4058 1237 4130 nobi-

286 4170 369 4243 litas
399 4171 635 4260 Gallicorum,
670 4171 773 4269 parvi
807 4173 968 4268 pendens
998 4171 1238 4268 Anglicorum
1316 4262 1318 4268 Α

286 4288 519 4384 paucitatem,
547 4290 691 4363 illomm
721 4289 818 4362 enim
849 4291 1045 4364 multitudo
1076 4291 1237 4366 contine..
