3118 5008
248 641 322 689 mo.
341 619 463 708 1328]
503 639 548 688 aa
569 641 695 689 saxna
715 641 762 688 nr
782 638 1018 690 swruaaoxn.
1127 621 1196 692 105

245 767 372 854 forma,
392 765 552 854 “Vovi,''
577 767 706 863 inquit,
727 765 852 854 “Deo,
872 769 969 863 quod
995 775 1122 840 contra
1143 767 1196 840 in-

246 883 372 956 imicos
399 882 537 956 Christi
562 881 677 956 sorem
702 883 936 978 corporaliter
962 883 1209 984 militaturus,

247 1000 345 1094 quod
362 999 447 1094 quia
469 1000 575 1073 vivus
597 1023 672 1072 non
694 1007 823 1095 potero
846 1008 882 1071 te
905 1007 1091 1095 tamquam
1110 997 1197 1072 Seo-

247 1119 381 1198 torum‚
406 1134 497 1207 quos
524 1135 665 1184 summe
691 1111 814 1207 diligo,
841 1111 962 1184 virum
986 1111 1198 1207 probatissi-

246 1251 350 1300 mum
367 1251 489 1312 exoro,
508 1236 551 1299 ut
574 1250 636 1298 eor
659 1251 784 1300 meum
805 1235 932 1299 contra
951 1227 1115 1300 inimicos
1133 1251 1198 1299 no-

247 1343 357 1416 minis
371 1341 510 1415 Christi
528 1342 695 1438 deportes
712 1342 759 1414 ad
775 1341 940 1414 fronterii
954 1341 1198 1429 Cardiaviam‚

248 1459 308 1530 cui
320 1458 493 1544 lacobus,
510 1465 533 1494 “
543 1457 674 1544 Juro‚”
688 1459 868 1553 inquiens,
884 1463 978 1553 “per
991 1458 1201 1530 invocatum

249 1599 311 1646 cor
330 1573 468 1648 Christi
485 1573 587 1660 Jesu,
605 1583 791 1647 cortuum
808 1582 850 1646 ut
868 1574 1002 1670 rogasti
1026 1598 1084 1646 me
1108 1574 1202 1646 dela-

250 1698 386 1774 turum,
406 1699 443 1762 et
466 1699 595 1762 contra
616 1691 881 1790 praedamnatos
903 1690 1026 1762 hostes
1050 1689 1202 1764 moritu·

248 1807 368 1877 rum.''
419 1805 498 1878 Rex
516 1806 657 1902 Angliae
677 1815 762 1903 post
781 1807 992 1902 praedictam
1010 1825 1087 1879 suae
1102 1829 1201 1878 soro-

249 1919 299 1991 ris
331 1920 648 2016 desponsationem
684 1920 758 1993 cito
791 1931 875 2017 post
905 1921 1039 1995 festum
1069 1931 1202 1994 sanctae

250 2033 451 2122 Trinitatis,
476 2060 514 2109 se
541 2038 726 2111 transtulit
752 2036 1017 2124 Herefordiam
1036 2039 1100 2111 ubi
1125 2038 1202 2111 fue·

250 2160 336 2223 runt
370 2154 535 2226 solennes
570 2155 708 2250 nuptiae
741 2156 835 2226 inter
868 2155 960 2228 filias
991 2155 1124 2250 Rogeri
1158 2154 1203 2234 de

253 2266 405 2341 Mortuo
443 2270 535 2341 mari
569 2278 605 2342 et
640 2269 816 2365 quosdam
850 2272 1001 2357 nobiles,
1036 2271 1203 2344 videlieet

250 2381 368 2455 filium
395 2383 539 2456 comitis
565 2383 771 2456 Marescalli
798 2393 835 2456 et
863 2384 1042 2456 haeredem
1068 2386 1203 2458 domini

249 2499 286 2570 J.
306 2499 351 2571 de
369 2498 604 2594 Hastinghes.
657 2500 820 2572 Fuerunt
838 2501 948 2573 etiam
968 2501 1102 2573 ibidem
1121 2502 1203 2574 has-

251 2614 381 2687 tiludia
398 2615 572 2700 solennia,
592 2615 722 2710 quibus
740 2603 904 2689 interfuit
921 2628 1034 2690 mater
1051 2619 1155 2713 regis.

192 2816 199 2824 ἱ
303 2729 387 2803 Ηοο
410 2753 506 2802 anno
523 2737 646 2803 mense
662 2730 893 2819 Novembris,
913 2733 1003 2806 obiit
1019 2733 1204 2807 Walterus

253 2847 526 2920 cantuariensis
543 2848 848 2945 archiepiscopus,
867 2850 927 2922 cui
945 2851 1119 2923 successit
1140 2874 1205 2947 per

253 2964 467 3037 electionem
486 2963 699 3036 canonicam
716 2963 887 3059 magister
906 2963 1033 3038 Simon
1056 2966 1100 3039 do
1123 2966 1204 3039 Me·

253 3078 376 3174 pham,
402 3078 529 3151 doctor
555 3078 593 3149 in
620 3079 812 3174 theologia.
865 3079 949 3152 Hoc
974 3099 1069 3153 anno
1088 3082 1204 3160 ¹mori-

253 3195 380 3267 ebatur
402 3195 572 3290 magister
590 3195 749 3268 Thomas
767 3196 811 3268 de
830 3195 995 3270 Cobham
1012 3199 1205 3297 episeopus

255 3310 464 3408 Wigorniae,
484 3313 543 3384 cui
561 3313 735 3386 successit
755 3338 819 3409 per
842 3315 1084 3411 provisionem
1103 3341 1205 3412 papae

235 3427 371 3504 ,Adam
387 3427 585 3515 Torltome,
609 3430 711 3525 prius
734 3431 926 3526 episeopus
951 3431 1206 3526 Herefordien-

254 3543 316 3628 sis,
341 3543 387 3616 ad
410 3543 548 3616 curiam
569 3569 637 3642 pro
659 3547 813 3642 negotiis
836 3548 992 3644 propriis
1017 3559 1054 3623 et
1079 3551 1205 3623 matris

255 3658 349 3755 regis
375 3659 570 3755 profectus.
624 3660 717 3734 Item
742 3687 837 3760 papa
862 3661 1206 3760 providit'ecelesiae

255 3774 524 3849 Herefordiensi
551 3777 597 3850 de
621 3777 795 3872 magistro
820 3777 962 3852 Thoma
987 3781 1032 3853 de
1058 3781 1206 3855 Charle-

255 3901 352 3980 tono‚
371 3902 461 3967 tune
478 3893 516 3965 in
534 3892 634 3966 curia
650 3904 837 3991 praesente.

308 4009 416 4081 Anno
433 4008 585 4084 Domini
605 4013 699 4084 1328
717 4012 831 4108 ipsius
854 4011 947 4110 regis
968 4014 1065 4086 tertii
1083 4038 1206 4086 acon-

258 4133 387 4218 questu
413 4151 509 4198 anno
535 4129 707 4215 secundo,
734 4139 816 4225 post
844 4129 1064 4225 quindenam
1091 4130 1207 4200 sancti

257 4237 447 4315 Michaelis
469 4243 585 4316 tenuit
603 4266 666 4315 rex
684 4243 962 4338 parliamentum
981 4241 1212 4330 Samsbanas,
