3118 5008
373 652 442 724 140
620 670 843 723 onnourcon
861 671 1048 720 onnrnror
1107 645 1321 738 [n.o.l339.

368 819 467 874 arma
483 800 581 896 ¹gerit
605 801 780 895 quadrata
803 799 847 870 de
870 797 978 869 armis
1001 795 1162 867 Franciae
1185 807 1221 872 et
1242 798 1320 868 An-

368 917 449 1012 gliae
468 914 742 1011 compaginatis,
765 937 840 985 non
863 912 968 985 nobis
991 911 1169 1007 displicet,
1192 936 1320 1008 proso

368 1033 466 1128 quod
501 1030 707 1127 pauperiori
742 1037 875 1100 nostrae
909 1029 1102 1124 parentelae
1135 1028 1319 1101 baculario

368 1159 508 1245 partem
532 1171 717 1220 armorum
740 1154 948 1218 nostrorum
971 1143 1146 1238 regalium
1165 1143 1319 1216 libenter

370 1265 648 1337 concederemus
678 1260 919 1345 deferendam,
951 1259 1015 1332 sed
1045 1259 1142 1354 quod
1176 1259 1213 1330 in
1244 1261 1319 1334 suis

370 1378 487 1474 sigillo
514 1387 550 1451 et
570 1377 691 1456 literis
716 1377 817 1473 prius
844 1375 1007 1448 nominat
1032 1398 1070 1447 se
1096 1398 1218 1470 regem
1242 1376 1318 1448 An-

368 1495 448 1590 gliae
483 1518 593 1589 quarn
626 1493 797 1578 Franciae,
830 1500 867 1564 et
900 1491 1060 1588 primum
1095 1492 1317 1586 quarterium

250 1589 255 1600 ⁸
361 1633 519 1682 suorum
556 1633 738 1681 armorum
781 1633 865 1682 oum
908 1607 1086 1704 leopardis
1129 1607 1318 1703 anteponit

369 1726 550 1822 quarterio
576 1725 701 1812 liliato,
729 1747 796 1796 nos
822 1733 1002 1822 angustat,
1024 1723 1200 1809 videntes
1221 1723 1317 1817 quod

368 1867 517 1938 parvam
538 1842 695 1914 insulam
712 1840 853 1937 Angliae
874 1865 1004 1936 magno
1026 1862 1136 1934 regno
1158 1838 1318 1911 Franciae

368 1957 578 2053 praejudicet
594 1957 878 2029 honorandam.’'
931 1955 1002 2027 Cui
1019 1955 1188 2030 dominus
1205 1954 1317 2026 Joan-

368 2095 432 2143 nes
460 2072 504 2143 de
532 2071 732 2145 Schordich
762 2074 865 2145 miles
895 2082 932 2144 et
961 2071 1111 2144 nuntius
1138 2070 1232 2166 regis
1262 2094 1318 2142 re-

370 2187 527 2283 spondit,
546 2189 644 2283 quod
665 2189 800 2262 usitato
821 2211 921 2260 more
943 2186 1211 2272 modernorum,
1230 2186 1275 2258 tit
1303 2231 1318 2244 -

368 2305 444 2376 lum
471 2313 509 2377 et
537 2329 636 2378 anna
665 2329 815 2379 suorum
845 2304 1119 2401 progenitorum
1145 2302 1253 2375 armis
1281 2311 1318 2375 et

367 2421 518 2509 nomini,
541 2422 623 2516 jure
650 2431 813 2494 materno
838 2421 905 2493 sibi
929 2419 1071 2506 debitis,
1098 2419 1317 2491 rationabili-

257 2547 260 2552 '
367 2535 436 2611 ter'
465 2539 626 2635 praetulit
668 2561 756 2611 suus
799 2536 970 2608 dominus
1004 2559 1067 2607 rex
1100 2533 1315 2630 Anglorum.

368 2652 467 2748 Rege
484 2653 579 2726 circa
596 2651 744 2748 negotia
760 2651 972 2748 praescripta
988 2659 1178 2746 occupato,
1197 2659 1316 2723 nautae

368 2767 544 2865 Quinque
562 2768 751 2855 Portuum‚
767 2768 963 2864 assumptis
977 2766 1146 2863 spinaciis
1159 2777 1196 2842 et
1214 2768 1317 2841 scha-

367 2887 450 2981 phis
467 2888 558 2959 bene
575 2885 738 2971 munitis
758 2885 831 2957 cito
854 2892 939 2980 post
959 2884 1092 2956 festum
1115 2884 1231 2956 sancti
1249 2883 1317 2956 Hi-

369 3002 448 3076 larii
482 3003 736 3098 applicuerunt
770 3001 955 3088 Bononiae,
987 3001 1094 3096 juxta
1126 3025 1236 3088 mare,
1279 3002 1318 3072 in

368 3127 531 3214 tempore
565 3117 739 3188 nebuloso
773 3142 846 3212 quo
876 3118 938 3188 vix
967 3118 1006 3190 in
1035 3126 1145 3214 portu
1174 3118 1317 3191 fuerant

368 3233 542 3330 percepti,
561 3241 597 3304 et
623 3233 661 3304 in
685 3233 772 3306 villa
796 3232 956 3306 inferiori
983 3237 1027 3310 19
1054 3235 1205 3329 galiotae
1230 3244 1267 3307 et
1293 3235 1315 3306 4

368 3371 516 3442 magnas
537 3371 647 3420 naves
666 3357 701 3420 et
720 3350 768 3420 20
786 3350 938 3445 scaphas
956 3375 1040 3423 cum
1058 3351 1225 3423 omnibus
1242 3351 1316 3423 suis

368 3462 599 3544 armamentis
628 3463 905 3536 combusserunt
934 3489 1118 3538 unacum
1147 3464 1315 3556 domibus

365 3580 471 3674 juxta
492 3603 591 3656 mare
615 3579 768 3666 situatis,
785 3580 880 3654 inter
896 3605 985 3677 quas
1003 3589 1079 3654 erat
1095 3605 1169 3653 una
1187 3581 1316 3654 domus

368 3679 500 3790 inagna
524 3697 632 3792 plena
657 3697 765 3770 remis
791 3707 828 3770 et
852 3699 954 3783 velis,
981 3698 1090 3770 armis
1116 3709 1152 3768 et
1176 3698 1316 3770 balistis

368 3812 578 3886 necessariis
604 3837 671 3909 pro
698 3815 829 3901 nautis
857 3823 893 3886 et
919 3812 1163 3885 defensoribus
1190 3811 1316 3884 decem

365 3937 405 4003 et
431 3953 562 4002 novem
589 3932 834 4026 galeotarum3
861 3929 1007 4000 tandem
1034 3934 1114 3998 orto
1142 3926 1315 4002 conflictu

366 4045 461 4118 inter
476 4047 630 4132 villanos
648 4055 684 4118 et
701 4044 887 4138 Anglicos,
911 4042 1032 4137 plures
1050 4041 1205 4115 intranei
1221 4042 1314 4117 ceci-

366 4161 497 4234 derunt
514 4161 635 4234 occisi.
686 4157 773 4228 Non
791 4158 947 4229 multum
965 4167 1103 4253 postea,
1123 4158 1260 4233 scilicet
1272 4159 1315 4232 ‚in

365 4277 544 4374 principio
561 4273 694 4349 mensis
711 4271 907 4359 Februarii,
930 4297 992 4346 rex
1013 4273 1051 4346 in
1068 4273 1237 4370 Angliam
1258 4297 1313 4347 re-
