3118 5008
244 638 319 688 nn.
333 615 456 708 1329]
496 639 541 688 nn
562 637 689 686 sxxnx
709 637 756 686 nu
777 635 1017 685 swruenoxu.
1126 611 1196 688 107

244 773 324 839 turn
340 773 395 838 est
412 771 454 838 ut
470 764 516 837 ab
533 761 634 836 omni
654 786 763 860 opere
787 761 908 834 servili
930 769 1142 848 cessaretur,
1160 771 1198 834 et
1307 741 1310 750 ¹

244 882 283 955 in
310 880 402 954 sesto
428 880 592 976 gloriosae
618 879 866 976 conceptionis
893 879 1043 975 virginis
1071 878 1198 952 matris

243 995 325 1085 Dei,
343 998 468 1071 laudes
486 997 675 1070 celebriter
692 997 965 1069 exsolverentur
976 993 1068 1067 Deo.
1104 994 1197 1068 Item

243 1115 320 1210 ipse
342 1123 379 1187 et
403 1137 530 1187 omncs
552 1113 714 1210 episcopi
734 1122 931 1209 praesentes
950 1111 1198 1185 excommuni-

244 1238 376 1304 cerunt
392 1237 429 1303 et
446 1229 778 1311 excommunicatos
797 1227 1056 1302 denuntiarunt
1072 1251 1199 1302 omnes

245 1344 328 1416 illos
356 1343 419 1438 qui
448 1343 595 1416 domino
622 1340 786 1415 Waltero
813 1342 859 1414 de
887 1342 1098 1437 Stapeltone
1124 1342 1200 1438 epi-

246 1481 358 1554 scopo
388 1457 588 1531 Exoniensi
618 1459 803 1554 quondam
836 1457 1056 1530 horribiliter
1091 1457 1201 1530 inter-

246 1573 352 1660 fecto,
387 1596 519 1646 manus
552 1573 729 1646 violentas
763 1572 1035 1669 quomodolibet
1069 1572 1201 1668 injece-

246 1698 343 1777 runt,
375 1698 413 1762 et
446 1712 571 1762 omnes
602 1689 664 1786 qui
694 1689 746 1762 eis
776 1714 883 1786 opus,
915 1713 1114 1777 assensum,
1144 1689 1203 1762 vel

248 1805 437 1878 consilium
457 1806 700 1901 praebuerunt.

302 1920 402 2014 [Hoc
425 1922 498 1994 loco
523 1923 629 1994 roden
648 1919 868 1994 Bodleinuur
888 1921 926 1992 iu
937 1922 1035 2014 solio
1058 1923 1128 1995 110
1144 1947 1202 1996 ue·

249 2063 312 2133 que
329 2037 420 2130 adj.
445 2039 510 2110 lll
534 2039 552 2108 b
571 2040 691 2111 eadam
712 2037 814 2112 babet
835 2039 987 2132 repetita
1006 2063 1081 2134 quc
1098 2049 1203 2112 antea

249 2155 297 2225 cd
308 2177 395 2250 paq.
415 2152 463 2226 96
480 2153 702 2226 inveniuntur
718 2153 917 2250 Postquam
937 2155 1116 2250 gloriosus
1139 2179 1203 2228 rex

248 2295 354 2365 usque
371 2272 419 2341 ad
435 2269 669 2365 praebuerunt
681 2291 771 2365 pag.
796 2266 895 2359 lot]

300 2385 408 2457 Anno
434 2385 528 2460 1329
554 2383 703 2478 quidam
728 2383 914 2478 experturi
940 2407 1031 2478 quos
1057 2384 1204 2459 haberet

251 2501 387 2573 amicos
406 2499 606 2573 Edwardus
628 2499 823 2584 secundm,
842 2521 906 2570 rex
923 2498 1066 2594 Angliae
1088 2524 1203 2596 nuper

252 2616 447 2702 extinctus,
484 2614 738 2687 confinxerunt
770 2614 892 2709 ipsum
930 2614 970 2686 in
1007 2623 1125 2688 castro
1159 2616 1204 2690 de

253 2731 346 2806 Corf
368 2733 467 2804 laute
492 2731 626 2816 vivere,
654 2729 719 2801 sed
747 2752 929 2824 nusquam
955 2729 1000 2802 de
1028 2730 1087 2802 die
1112 2732 1204 2806 velle

252 2848 377 2921 videri.
446 2847 642 2942 Propterea
674 2846 838 2919 fecerunt
876 2846 1000 2920 multis
1035 2847 1205 2924 noctibus

253 2964 412 3061 tripudia
437 2987 546 3060 super
570 2986 694 3035 muros
721 2961 830 3036 castri
857 2971 894 3035 et
921 2970 1052 3049 turres,
1079 2964 1205 3059 praef-

252 3090 372 3154 rentes
392 3104 505 3176 equos
529 3089 566 3152 et
588 3078 735 3151 tortines
759 3102 943 3165 accensos,
962 3087 1006 3150 ut
1022 3079 1067 3151 ab
1084 3079 1206 3156 idiotis

253 3197 298 3270 de
323 3198 440 3294 patria
462 3196 582 3269 forent
606 3195 781 3292 percepti,
800 3195 899 3291 quod
924 3195 1080 3290 aliquem
1105 3221 1206 3294 mag-

253 3340 341 3389 num
364 3339 485 3411 regern
507 3314 681 3388 haberent
705 3313 942 3401 custoditum,
967 3314 1026 3388 cni
1051 3315 1207 3388 solenni-

254 3441 390 3504 zarent.
443 3429 553 3502 Nova
584 3425 650 3525 pe'r
684 3437 801 3502 totam
830 3429 1002 3525 Angliam
1032 3440 1119 3503 sunt
1148 3456 1208 3504 ex-

254 3569 379 3645 pansa,
406 3546 505 3641 quod
531 3546 625 3640 regis
655 3553 758 3641 pater
784 3544 934 3632 viveret,
960 3547 1058 3620 unde
1085 3572 1208 3622 comes

255 3661 395 3738 Cantiae
424 3660 523 3734 misit
556 3661 643 3734 illuc
674 3661 865 3756 quemdam
895 3660 1043 3736 fratrem
1072 3664 1209 3738 ordinis

189 3844 197 3857 ,
255 3777 551 3864 Praedicatorum‚
596 3777 869 3872 exploraturum
910 3778 964 3850 rei
1005 3780 1208 3866 veritatem,

257 3896 320 3993 qui
361 3902 496 3991 putans
535 3916 573 3966 se
611 3893 822 3967 muneribus
861 3895 1065 3991 corrupisse
1101 3897 1210 3970 castri

254 4007 441 4104 janitores,
477 4004 666 4101 decipitur.
720 4005 969 4080 Introducitur
999 4031 1131 4104 nempe
1159 4009 1210 4080 la·

258 4124 391 4197 titurus
431 4122 475 4196 dc
515 4122 572 4194 die
605 4122 644 4194 in
677 4146 819 4196 camera
849 4122 1028 4218 janitoris,
1064 4122 1209 4196 visurus

260 4239 305 4312 de
334 4247 440 4312 nocte
470 4262 582 4334 quem.
607 4237 729 4310 videre
762 4237 942 4333 cupiebat.
999 4235 1120 4310 Nocte
1154 4237 1208 4310 in-
