3110 5026
338 619 412 692 250
591 637 816 689 onaorncon
837 637 1021 686 nnnrnrnr
1079 616 1292 706 [ratast.

336 767 427 863 cipis
471 765 647 853 ordinata,
694 765 789 836 diem
832 771 978 837 sextum
1024 772 1290 859 praevenerunt.

336 883 466 955 Postea
486 881 672 955 redierunt
693 882 939 976 exploratores
961 880 1172 953 nuntiantes
1195 882 1295 976 quod

336 1009 530 1072 coronatus
581 998 807 1072 Francorum
858 996 1044 1070 descendit
1092 996 1295 1078 Turoniam

265 1190 267 1196 ,
336 1124 537 1188 castrorum
567 1115 661 1188 acies
692 1115 949 1201 ordinaturus;
984 1113 1082 1186 unde
1110 1113 1293 1210 princeps,
1321 1193 1324 1198 ,

336 1232 463 1306 avidus
488 1233 575 1305 belli
600 1242 751 1329 propter
775 1256 903 1328 pacem
929 1254 1009 1328 quae
1036 1231 1129 1304 solet
1154 1231 1294 1304 bellum

336 1350 515 1437 comitari,
549 1350 722 1423 adversus
760 1357 975 1422 coronatum
1009 1337 1129 1422 castra
1162 1349 1294 1422 diremi

336 1490 496 1564 sperans,
513 1473 556 1539 nt
580 1467 765 1563 quondam
788 1466 826 1538 in
852 1464 1010 1553 Garona‚
1035 1465 1087 1538 sic
1110 1465 1149 1537 in
1173 1464 1294 1561 Ligeri

335 1583 429 1657 vada
462 1592 558 1656 nova
592 1583 769 1678 reperire;
810 1583 874 1655 sed
908 1582 1144 1656 inundatione
1173 1582 1294 1677 pluvi-

336 1723 441 1772 arum
478 1698 605 1794 Ligere
645 1722 731 1772 suos
774 1701 896 1772 alveos
938 1699 1109 1772 insolenti
1152 1706 1293 1771 tumore

336 1817 612 1913 praeterfluente,
640 1840 715 1889 non
742 1815 909 1912 permisit
939 1840 1033 1912 aqua
1064 1825 1207 1889 nostros
1236 1817 1291 1912 ip-

336 1955 414 2003 sam
447 1931 694 2018 transvadare,
725 1941 762 2003 et
796 1932 836 2004 in
869 1941 1107 2028 augmentum
1139 1934 1294 2030 impedi·

335 2047 461 2132 menti,
485 2046 610 2119 omnes
637 2055 768 2143 pontes
796 2049 892 2121 inter
919 2049 1086 2122 Blaniam
1114 2059 1149 2124 et
1176 2049 1293 2123 Turo-

335 2166 446 2254 niam,
479 2167 612 2263 quibus
646 2168 823 2242 interfluit
857 2167 996 2264 Ligeris
1030 2170 1141 2256 unda,
1176 2169 1293 2265 frangi

332 2285 442 2380 jussit
461 2294 669 2373 coronatus,
690 2310 737 2359 ne
760 2287 855 2360 inter
876 2287 1080 2383 principem
1103 2296 1139 2360 et
1163 2287 1293 2362 ducem

336 2400 555 2476 Lancastriae
581 2427 842 2500 usquequaque
871 2404 931 2476 via
959 2412 1112 2500 pateret,
1139 2427 1294 2498 quorum

336 2521 516 2593 exercitus
541 2520 643 2615 ignes
669 2521 827 2594 alternos
854 2521 898 2593 de
925 2529 1034 2594 nocte
1059 2519 1212 2594 faciliter
1237 2544 1294 2594 as·

336 2635 528 2731 piciebant.
599 2636 772 2732 Princeps
814 2661 900 2710 vero
939 2637 1098 2732 Ligerim
1140 2659 1295 2733 sequens

336 2753 531 2827 lateraliter
570 2777 697 2828 versus
736 2754 913 2828 orientem
950 2777 1176 2851 progressus,
1214 2755 1295 2828 fixit

337 2871 493 2944 tentoria
519 2872 625 2967 juxta
654 2871 865 2960 Turonium,
892 2873 956 2946 ubi
984 2882 1179 2970 expectans
1206 2897 1294 2970 qua-

337 2995 422 3058 tuor
455 2987 593 3075 diebus
630 3013 779 3085 sperans
818 2999 1032 3063 coronatum
1074 3014 1150 3062 una
1191 2991 1296 3064 leuca

338 3104 533 3178 distantem
554 3107 827 3202 -praeliaturum‚
859 3107 1037 3180 intellexit
1072 3114 1203 3204 quarto
1237 3107 1295 3181 die

338 3221 437 3314 quod
460 3230 653 3295 coronatus
678 3223 724 3294 ad
748 3222 914 3295 Blaniam
942 3223 987 3295 10
1012 3224 1125 3296 leucis
1149 3248 1170 3296 a
1193 3232 1297 3319 tergo

338 3334 513 3432 principis
553 3337 820 3430 praeterioratus
855 3361 921 3433 per
954 3347 1117 3433 pontem,
1154 3339 1296 3412 duobus

339 3452 482 3550 oppidis
521 3451 772 3525 munitissimis
810 3453 1094 3544 intersituatum‚
1135 3456 1296 3552 Ligerim

339 3569 519 3656 transivit,
555 3576 663 3665 atquc
704 3593 832 3644 versus
874 3571 1080 3646 Pictavium
1124 3571 1295 3669 appropi-

339 3687 426 3759 avit.
479 3685 532 3760 Ea
558 3687 720 3760 coronati
747 3683 987 3764 declinatione
1012 3691 1169 3787 principi
1195 3713 1295 3762 com·-

339 3812 453 3900 perta,
479 3804 647 3902 princeps
669 3809 917 3881 revertebatur
940 3807 1152 3879 festinanter
1175 3807 1295 3880 inten-

341 3921 430 3996 dens
473 3923 541 3996 iter
583 3925 748 3996 coronati
784 3946 1049 4020 praeoccupare‚
1086 3921 1184 4015 quod
1219 3946 1297 3996 non

339 4039 436 4113 secit.
488 4039 662 4115 Attamen
690 4041 788 4113 viam
817 4049 1060 4112 transversam
1094 4046 1132 4109 et
1164 4036 1296 4133 imagi·

340 4157 487 4230 natione
516 4157 726 4230 viciniorem
761 4163 859 4227 trans
894 4161 1072 4227 torrentes
1102 4162 1176 4228 tres
1206 4153 1294 4227 arri-

341 4272 433 4368 puit,
458 4280 494 4345 et
518 4272 671 4345 caudam
696 4269 848 4366 legionis
875 4270 1017 4344 hostilis
1044 4271 1096 4346 ita
1118 4272 1294 4348 violenter
