3110 5026
328 649 402 722 244
583 666 810 719 onnomcon
829 665 1015 716 saturum
1072 642 1288 734 [s.n.l355.

328 822 396 897 pro
430 823 472 871 eo
507 798 605 894 quod
639 795 772 869 comite
807 795 1043 891 promittente
1076 793 1213 866 bellum
1244 793 1291 866 ad

330 918 477 988 illorum
494 914 692 986 utilitatem
712 911 926 996 ineundum,
950 909 1065 983 nihilo
1087 909 1184 983 sacto
1206 934 1293 982 oum

332 1031 507 1104 dedecore
532 1029 669 1126 pluries
695 1027 880 1122 sugerunt,
899 1026 999 1122 quod
1025 1024 1140 1098 eidem
1166 1023 1293 1097 comiti

332 1148 402 1221 suit
424 1148 658 1243 imputatum.
712 1143 782 1216 Die
800 1142 954 1216 Veneris
977 1142 1210 1228 transierunt,
1229 1142 1293 1214 sed

332 1263 508 1348 districte,
525 1264 701 1356 magnam
718 1283 862 1355 aquam,
882 1267 919 1331 et
936 1257 1081 1330 residuo
1106 1257 1176 1330 diei
1198 1257 1294 1331 inter

333 1377 444 1454 villas'
466 1383 629 1451 muratas
653 1380 690 1449 'et
713 1381 831 1449 castra
853 1375 973 1462 fortia,
999 1375 1120 1447 media
1145 1374 1295 1447 cohorte

333 1499 373 1570 in
393 1497 484 1569 villa
507 1496 552 1568 de
574 1496 609 1567 le
633 1493 745 1567 Serde
768 1492 963 1587 hospitata.
1017 1490 1129 1564 Istam
1154 1491 1291 1577 villam,

335 1637 409 1688 una
431 1614 536 1686 leuca
558 1611 755 1684 distantem
778 1634 800 1681 a
819 1610 916 1681 bona
939 1608 1026 1680 villa
1043 1609 1088 1680 de
1107 1607 1295 1694 Condone‚

339 1732 415 1803 dux
457 1726 677 1802 Lancastriae
711 1726 895 1823 quondam
933 1725 1104 1810 vastavit,
1140 1733 1176 1798 et
1218 1724 1296 1820 ejus

341 1849 501 1920 castrum
527 1844 666 1940 dirupit
694 1852 802 1938 atque
833 1842 911 1914 solo
941 1841 1154 1937 coaequavit.
1208 1839 1302 1913 Sah-⁴

340 1964 426 2035 bato
461 1961 618 2056 quadam
659 1983 754 2054 aqua
791 1982 878 2030 cum
920 1957 1146 2030 districtione
1181 1965 1298 2030 trans-

339 2083 471 2162 meata,
505 2075 690 2147 intrarunt
724 2073 894 2146 strictum
928 2073 1136 2170 passagium
1174 2073 1300 2146 silves-

341 2202 409 2279 tre,
430 2191 494 2264 ubi
519 2190 627 2264 multi
655 2188 841 2263 Gascones
861 2199 903 2266 et
930 2214 1056 2263 omnes
1083 2190 1299 2277 Beruenses,

342 2310 466 2385 habita
492 2309 639 2382 licentia
666 2309 923 2405 repatriarunt,
953 2317 989 2381 et
1022 2308 1092 2382 fuit
1121 2308 1301 2381 exercitus

342 2427 551 2524 hospitatus
577 2426 624 2500 ad
649 2427 783 2499 bonam
810 2425 934 2498 villam
962 2425 1063 2521 pacis
1092 2434 1128 2498 et
1155 2425 1299 2513 fortem,

344 2571 424 2641 quae
447 2567 591 2640 semper
608 2542 677 2616 fuit
694 2543 947 2638 Anglicorum,
965 2551 1133 2616 vocatam
1154 2541 1301 2638 Mesyn,

345 2661 503 2758 quodie
530 2660 671 2733 vexillis
699 2660 925 2755 conplicatis‚
949 2669 992 2732 ut
1018 2660 1059 2732 in
1085 2662 1163 2732 solo
1190 2655 1305 2756 pacis·

345 2778 515 2874 princeps
539 2777 699 2849 decrevit
721 2777 977 2851 itinerandum.
1029 2775 1237 2864 Dominico,
1263 2777 1303 2850 in

345 2894 470 2990 vigilia
502 2893 619 2966 sancti
651 2893 821 2980 Andreae,
856 2893 1027 2990 princeps
1063 2892 1213 2990 quievit,
1247 2891 1305 2966 re·

347 3011 520 3107 cepturus
544 3008 755 3106 homagium
778 3020 815 3082 et
839 3021 1065 3083 sacramenta
1089 3009 1237 3084 illorum
1260 3011 1306 3084 de

347 3127 444 3199 villa.
498 3125 604 3199 Feria
624 3125 795 3213 secunda,
813 3123 871 3199 die
888 3127 1056 3200 videlicet
1079 3125 1197 3200 sancti
1218 3150 1306 3224 apo-

349 3241 445 3326 stoli,
490 3241 619 3313 itinere
657 3243 766 3335 longo
800 3265 867 3336 per
897 3250 1040 3314 vastam
1074 3242 1309 3316 solitudinem

350 3356 573 3448 devenerunt
596 3355 643 3427 ad
665 3356 790 3428 villam
811 3357 856 3428 de
875 3356 1025 3446 Gelons,
1043 3359 1107 3433 ubi
1131 3369 1217 3433 sunt
1238 3355 1309 3432 tria

351 3471 481 3558 castra,
509 3494 584 3543 uno
611 3470 759 3544 illorum
785 3472 825 3544 in
851 3474 1010 3548 marisco
1038 3477 1186 3550 situato.
1238 3473 1309 3549 Die

351 3587 483 3666 Martis
513 3585 677 3684 principe
707 3588 752 3662 ad
780 3600 939 3664 castrum
970 3591 1015 3665 de
1043 3591 1183 3680 Melan,
1210 3591 1309 3689 quod

353 3703 469 3792 tribus
489 3703 603 3779 leucis
625 3702 735 3779 distat
760 3732 783 3780 a
806 3718 925 3783 castro
943 3707 1092 3796 Gelons‚
1111 3710 1309 3807 hospitato,

353 3820 476 3918 plures
512 3821 556 3892 de
590 3845 657 3896 suo
691 3820 863 3921 hospitio,
899 3826 1121 3899 transierunt
1154 3821 1312 3922 patriam

356 3936 558 4014 silvestrem
582 3946 619 4010 et
645 3948 787 4014 vastam
812 3942 918 4036 juxta
944 3942 1205 4014 monasterium
1229 3941 1313 4016 Cis·

355 4054 532 4127 terciense
556 4065 728 4129 vocatum
754 4057 1039 4152 Montguilliam‚
1064 4067 1101 4131 et
1128 4066 1229 4133 trans
1256 4059 1311 4132 fo:

354 4179 488 4242 restam
523 4170 618 4266 regis
652 4172 794 4264 Angliae
809 4161 812 4168 ’
828 4181 1078 4270 nuncupatam
1113 4175 1201 4250 Bois
1234 4199 1312 4248 ma·

353 4284 449 4378 jour,
478 4286 525 4358 ad
554 4286 678 4359 villam
708 4288 753 4358 de
783 4285 922 4382 Regula
951 4291 1125 4385 grandem
1155 4301 1191 4365 et
1219 4293 1311 4364 bene
