3120 5008
368 593 464 693 ,162
642 610 866 662 onacurcorr
886 612 1070 661 ennrurnr
1129 591 1341 681 [aerest.

391 744 438 818 ad
457 742 645 838 Freignus,
663 751 700 814 et
722 743 761 813 in
783 741 935 814 sabbato
952 749 1132 814 venerunt
1148 742 1196 814 ad
1211 743 1346 816 bonam

391 862 515 936 villam
533 860 577 932 de
596 859 727 956 Poecy,
745 859 809 930 ubi
825 867 974 954 pontem
991 883 1058 954 per
1076 857 1237 932 Gallicos
1254 859 1347 932 frac-

392 987 486 1063 tum,
503 999 550 1048 ne
567 975 644 1071 regi
660 984 761 1047 trans
775 972 955 1069 Seganam
969 975 1144 1047 transitus
1162 999 1228 1071 per
1244 975 1349 1048 illum

392 1101 545 1192 pateret,
564 1091 747 1174 contrario
770 1114 880 1163 sensu
903 1089 981 1186 ipse
1004 1115 1067 1162 rex
1090 1090 1176 1164 lecit
1199 1091 1348 1164 reaedifi-

394 1211 493 1297 cari;
538 1218 575 1281 et
608 1208 736 1281 eodem
771 1205 829 1279 die
863 1205 1059 1280 Dominico
1092 1217 1272 1280 venerunt
1306 1209 1349 1280 de

394 1329 532 1424 Amyn
554 1335 592 1398 et
621 1325 774 1398 Francia
796 1334 869 1397 tres
893 1347 1034 1419 megnae
1058 1324 1153 1397 acies
1177 1326 1350 1398 ordinatae

394 1445 440 1518 ad
454 1442 721 1542 prohibendum
735 1440 811 1536 regi
824 1441 1043 1535 passagium,
1062 1441 1125 1513 sed
1142 1441 1268 1514 habito
1286 1443 1351 1514 ibi-

396 1560 480 1632 dem
503 1558 577 1632 acri
600 1557 786 1644 conflictu,
805 1563 842 1628 et
865 1557 1035 1630 trecentis
1054 1557 1204 1633 Gallicis
1227 1559 1267 1630 in
1290 1559 1352 1631 illo

395 1676 567 1774 peremtis
594 1684 702 1771 atque
729 1674 869 1746 caeteris
892 1674 979 1770 fuga
1002 1675 1162 1772 dilapsis,
1185 1677 1352 1750 combus-

397 1802 523 1868 serunt
546 1792 695 1888 triginta
717 1791 808 1864 duas
830 1791 932 1886 bigas
955 1801 992 1864 et
1012 1792 1205 1890 quadrigas
1227 1796 1353 1890 plenas

397 1909 549 1994 balistis
568 1908 749 2002 quarellis
769 1916 806 1981 et
828 1909 908 1980 aliis
931 1910 1124 1984 armaturis
1147 1919 1257 2007 atque
1278 1912 1353 1994 vic·

398 2025 568 2098 tualibus.
622 2023 738 2118 Igitur
760 2023 891 2124 ibidem
914 2049 1017 2098 mora
1039 2027 1196 2098 duorum
1214 2027 1354 2102 dierum

398 2149 593 2238 protracte,
624 2141 845 2215 transierunt
870 2141 916 2214 ad
943 2141 1083 2215 Gersile
1105 2145 1210 2239 juxta
1234 2144 1354 2217 Poun-

399 2266 493 2354 toys,
512 2264 549 2330 et
572 2256 630 2334 die
652 2255 829 2332 Mercurii
852 2259 951 2354 apnd
973 2257 1084 2332 Antel
1107 2260 1293 2356 hospitati,
1317 2261 1355 2332 in

400 2375 559 2450 crastino
577 2375 792 2451 dimiserunt
810 2400 832 2448 a
847 2377 959 2448 latere
982 2375 1169 2450 civitatem
1192 2378 1237 2450 de
1261 2378 1355 2450 Ben-

403 2517 495 2590 noys
513 2493 699 2580 intactam,
718 2501 755 2566 et
778 2516 844 2588 per
864 2491 1056 2566 Trosolurs
1075 2494 1242 2590 profecti,
1260 2495 1355 2591 apud

405 2608 596 2687 Somcrens
613 2609 672 2682 die
684 2608 838 2682 Veneris
856 2610 1058 2708 hospitium
1075 2623 1261 2707 ceperunt,
1314 2611 1357 2683 In

403 2726 561 2806 crastino
583 2747 667 2800 cum
687 2726 827 2800 insultu
848 2737 1147 2824 expugnaverunt
1168 2729 1292 2801 villam
1313 2729 1356 2800 de

404 2842 500 2941 Poya
525 2843 656 2924 acriter
680 2842 876 2930 defensam,
902 2853 940 2916 et
964 2853 1125 2918 castrum
1151 2847 1357 2918 combusse-

404 2970 503 3047 runt,
531 2961 660 3036 deinde
686 2959 839 3057 profecti
867 2959 993 3033 diebus
1023 2960 1142 3034 Lunae
1163 2971 1200 3036 et
1225 2961 1358 3036 Martis

405 3078 504 3173 apud
536 3076 717 3173 Areignns
751 3086 838 3154 sunt
872 3077 1061 3165 demorati,
1097 3079 1226 3152 deinde
1262 3080 1359 3176 apud

405 3193 533 3268 Achen
563 3193 738 3288 hospitati
767 3194 825 3266 die
854 3193 958 3267 Jovis
988 3205 1168 3268 venerunt
1196 3197 1243 3268 ad
1271 3196 1359 3269 Noil

405 3333 468 3384 sur
492 3311 527 3383 la
551 3309 669 3397 Mser,
686 3311 820 3383 vadum
842 3336 945 3410 aqnae
962 3314 1006 3387 de
1024 3313 1174 3386 Summe
1194 3315 1240 3388 de
1257 3315 1357 3401 Port,

404 3427 468 3502 ubi
493 3426 615 3500 fluxus
642 3435 679 3502 et
705 3428 866 3504 refluxus
896 3431 1008 3506 maris
1038 3433 1249 3506 succedunt.
1303 3431 1359 3506 Ex

405 3544 540 3642 oppido
563 3544 661 3619 illius
683 3547 767 3619 vadi
789 3558 968 3622 venerunt
991 3547 1123 3623 Gallici
1146 3550 1360 3624 decivitate

406 3661 606 3749 d'Abevile,
637 3673 674 3736 et
702 3663 800 3738 illius
829 3665 956 3762 patriae
985 3690 1070 3740 cum
1099 3667 1359 3742 exclamatione

405 3779 510 3854 valde
540 3782 696 3877 superba
724 3781 943 3878 prohibituri
974 3784 1167 3857 transitum
1201 3809 1268 3880 per
1296 3809 1359 3858 va-

406 3896 506 3985 dum,
524 3898 563 3970 in
587 3907 660 3971 tres
681 3899 776 3972 acies
794 3899 970 3973 terribiles
988 3901 1254 3988 divisi,=contra
1269 3925 1360 3999 quas

405 4013 611 4092 babuerunt
634 4014 778 4112 Anglici
801 4017 920 4089 dirum
943 4041 1189 4114 congressum,
1211 4019 1359 4092 domino

406 4129 566 4230 Hugone
591 4133 635 4207 de
660 4132 816 4230 Sponsor
841 4135 934 4207 illud
958 4136 1128 4232 primitus
1152 4135 1359 4234 arripiente,

406 4247 471 4322 red
492 4273 558 4343 per
581 4245 651 4320 Dei
674 4249 839 4344 gratiam,
858 4252 1010 4325 adverso
1031 4252 1137 4327 litore
1158 4253 1283 4327 invitis
1304 4279 1360 4326 re-
