3110 5026
406 631 475 704 198
654 649 881 700 casonrcon
900 650 1083 700 oswium
1142 629 1356 720 [antaee.

400 803 482 864 nus,
501 785 625 850 tantus
642 787 759 851 terror
778 779 939 875 agitavit,
959 779 1056 875 quod
1078 778 1125 851 ad
1145 802 1247 852 arma
1268 804 1357 853 con-

396 896 563 967 volantes
581 893 759 966 insultum
776 895 1017 991 disponebant
1038 894 1077 967 in
1098 903 1262 991 castrum
1284 896 1356 970 ses·

399 1010 527 1084 tiuare.
579 1008 782 1084 Confestim
806 1009 938 1083 Gallici
960 1010 1077 1108 pridie
1100 1011 1264 1107 ingressi,
1290 1013 1355 1086 do-

398 1127 540 1200 minum
562 1126 742 1201 Thomam
765 1128 810 1200 de
833 1128 1057 1224 Kingestone
1080 1129 1245 1202 nescium
1266 1129 1355 1202 faci-

398 1267 531 1316 norum
557 1267 598 1317 se
620 1244 818 1340 fingentem
844 1245 1022 1318 violenter
1046 1254 1235 1342 ceperunt,
1253 1254 1291 1319 et
1314 1244 1355 1318 in

397 1360 599 1456 bogligneis
641 1361 882 1458 captivarunt.
951 1359 1093 1434 Deinde
1127 1361 1276 1458 quidam
1309 1386 1354 1435 ex

399 1476 471 1549 illis
501 1477 623 1550 emissi
657 1478 704 1550 ad
737 1467 899 1555 Francos,
930 1501 1016 1550 suos
1050 1477 1218 1550 dominos
1252 1485 1355 1551 extra

398 1594 639 1666 munitionem
680 1592 912 1683 imboscatos,
948 1594 1186 1667 ostenderunt
1227 1588 1353 1668 statio·

398 1711 554 1783 nardum
594 1720 631 1785 et
672 1720 792 1785 erecta
828 1712 973 1800 vexilla,
1009 1721 1138 1785 caetera
1180 1734 1355 1809 prospera

398 1828 746 1923 compromittentes,
792 1829 823 1901 si
873 1837 1002 1902 tamen
1043 1828 1258 1902 festinarent
1307 1829 1353 1902 ad

398 1941 643 2016 defensionem
683 1944 794 2017 castri
836 1952 963 2019 contra
1003 1944 1170 2018 villanos.
1237 1943 1355 2040 Igitur

398 2067 587 2153 surgentes
617 2060 662 2132 de
691 2059 864 2148 latibulis,
896 2085 982 2135 cum
1016 2085 1152 2159 pompa
1180 2060 1288 2134 solita
1317 2070 1355 2134 et

397 2173 523 2246 innata
547 2175 647 2269 genti
671 2174 908 2264 Gallicorum,
931 2187 1058 2275 portas
1080 2178 1192 2251 castri
1213 2177 1354 2274 irrupe-

397 2299 484 2362 runt
500 2288 631 2363 Franci
654 2292 810 2388 copiose.
864 2291 970 2368 Tunc
992 2292 1117 2365 villani
1139 2291 1202 2365 vix
1223 2314 1353 2364 manus

397 2405 442 2478 ab
465 2406 605 2480 insultu
629 2409 901 2496 continuerunt,
925 2408 1025 2504 ipsos
1050 2416 1175 2481 tamen
1200 2406 1353 2480 ducibus

397 2546 525 2596 eorum
550 2524 816 2597 retrahentibus
839 2523 943 2620 quasi
965 2523 1171 2621 periculum
1192 2521 1352 2600 insilien÷

397 2638 490 2710 tium
511 2639 735 2737 diffugitivis,
754 2640 879 2714 statim
899 2639 1024 2714 fideles
1046 2639 1140 2735 regis
1163 2639 1270 2712 amici
1290 2638 1354 2734 qui

396 2755 464 2827 sub
488 2756 636 2829 armatis
659 2781 849 2830 murorum
871 2755 1032 2829 latibulis
1057 2755 1173 2828 instar
1197 2753 1353 2827 anacho-

396 2871 550 2944 ritarum
572 2872 715 2946 fuerant
738 2872 881 2959 inclusi,
908 2865 1019 2944 trium
1042 2871 1185 2944 dierum
1205 2869 1354 2964 longam

395 3007 535 3058 moram
561 2985 796 3074 fastidientes,
824 3006 863 3058 se
890 2992 1100 3082 repararant
1127 2984 1175 3056 ad
1204 2980 1353 3078 irrupti-

396 3125 514 3175 onem.
566 3101 647 3175 Nec
676 3103 798 3176 minus
823 3103 884 3175 ille
899 3102 973 3197 ·qni
999 3125 1085 3175 cum
1111 3123 1200 3172 saxo
1225 3098 1355 3194 grandi

394 3216 465 3289 fuit
488 3220 526 3290 in
548 3217 724 3290 foramine
747 3241 863 3313 nuper
885 3216 1062 3301 inclusus,
1086 3222 1282 3310 postquam
1299 3215 1354 3288 vi-

394 3330 448 3402 dit
486 3339 542 3403 tot
578 3331 760 3426 ingressos
793 3332 840 3403 ad
874 3352 1031 3425 quorum
1071 3327 1352 3405 debellationem

393 3446 594 3557 aestimabat
624 3471 709 3520 suos
738 3455 1001 3521 consentaneos
1030 3445 1250 3520 sufficienter
1278 3473 1348 3544 po-

394 3565 517 3652 tuisse,
549 3566 723 3638 molarem
756 3565 828 3638 illis
861 3565 1046 3660 ingentem
1080 3564 1148 3638 sibi
1183 3564 1352 3637 commis-

394 3703 477 3751 sum
506 3680 637 3756 direxit
666 3682 892 3778 minaequc
921 3704 1017 3778 pons
1046 3679 1221 3754 versatilis
1249 3703 1350 3752 rum·

393 3797 558 3892 pebatnr,
592 3808 630 3871 et
668 3800 729 3872 via
768 3799 888 3873 fuerat
921 3799 1100 3895 preclusa
1136 3821 1202 3893 per
1238 3820 1350 3893 quam

394 3915 519 3989 hostes
546 3915 690 3989 fuerant
723 3917 879 3990 nimium
912 3914 1121 4012 ingressuri,
1150 3923 1259 4010 atque
1294 3937 1350 3986 se-

394 4035 468 4106 mel
489 4034 653 4130 ingressi,
678 4057 752 4106 non
775 4041 944 4130 poterant
967 4057 1031 4132 per
1055 4032 1146 4107 illud
1172 4031 1241 4103 iter
1268 4053 1351 4103 eva-

395 4151 489 4223 dere.
543 4147 681 4225 Saxum
703 4151 919 4247 praedictum
942 4148 1218 4245 supplevitque
1241 4146 1351 4218 modo

394 4267 491 4339 vices
514 4268 695 4362 proccinis
721 4267 864 4353 ruituri,
890 4266 989 4362 quod
1014 4264 1053 4339 in
1078 4263 1257 4360 principio
1281 4262 1351 4334 fuit
