3136 5016
260 646 450 736 no.11'.18.]
479 667 524 716 nn
544 668 737 716 1111111111
758 665 994 717 swrnnnonr.
1163 644 1210 720 73

257 794 417 868 Franciae
433 795 567 869 laceret
583 795 798 891 praedictum
821 794 937 869 filium
955 795 1049 891 regis
1067 795 1209 892 Angliae

257 912 301 984 de
332 913 512 1008 praedictis
542 911 677 984 ducatu
703 921 740 984 et
768 912 944 986 comitatu
971 911 1102 985 habere
1132 915 1209 1010 ple-

257 1048 342 1096 nam
364 1024 545 1110 seisinam,
564 1033 758 1097 contentus
782 1023 827 1097 de
850 1024 1019 1120 homagio
1043 1025 1141 1122 quod
1162 1027 1208 1099 ab

256 1141 384 1213 eodem
418 1140 510 1235 duce
544 1164 652 1227 novo,
683 1141 820 1214 scilicet
849 1140 1039 1227 Edwardo,
1075 1151 1208 1238 nepote

257 1280 325 1328 suo
351 1255 444 1330 foret
469 1265 691 1351 receptmus.
746 1255 864 1352 Super
887 1257 945 1330 his
968 1281 1032 1330 rex
1055 1256 1208 1332 Carolus

256 1371 380 1444 literas
415 1393 499 1444 suas
527 1380 693 1467 patentes
723 1381 760 1445 et
789 1372 876 1445 alias
905 1373 1004 1444 misit
1035 1373 1079 1446 de
1108 1376 1208 1447 salvo

257 1488 443 1561 conductu
476 1511 544 1583 pro
577 1487 820 1584 primogenito
846 1487 990 1583 Angliae
1023 1488 1092 1561 sibi
1124 1491 1208 1564 mit-

256 1603 391 1680 tendo:
430 1627 539 1699 super
573 1603 735 1676 articulis
768 1603 965 1700 praelibatis
994 1603 1137 1676 fuerant
1170 1606 1208 1678 in

256 1718 391 1814 Anglia
419 1720 526 1791 multi
556 1728 732 1792 tractatus
762 1719 859 1815 apud
887 1717 1149 1815 Lagendonam¹
1172 1731 1209 1794 et

255 1835 471 1923 Dovoriam,
487 1836 760 1909 consulentibus
784 1835 999 1930 quibusdam
1022 1836 1120 1932 quod
1145 1862 1208 1910 rex

256 1952 295 2024 in
320 1954 466 2050 propria
489 1977 645 2050 persona
669 1977 768 2025 mare
794 1953 973 2040 transiret,
996 1962 1034 2025 et
1059 1953 1101 2026 hi
1123 1955 1207 2028 alle-

257 2070 389 2164 gabant
413 2071 510 2165 quod
531 2070 647 2143 multa
668 2069 866 2143 infortunia
886 2070 960 2144 filio
981 2071 1076 2166 regis
1095 2069 1208 2144 Galli-

256 2184 309 2256 cis
327 2185 456 2258 astutis
480 2194 517 2258 et
540 2185 682 2282 cupidis
700 2186 876 2281 exposito,
894 2185 1008 2282 patris
1025 2197 1062 2260 et
1078 2186 1206 2283 Angli-

256 2326 383 2375 corum
412 2303 637 2397 protectione
671 2303 858 2389 destituto,
889 2313 1038 2398 possent
1068 2305 1206 2377 contin·

256 2441 350 2512 gere.
410 2422 431 2454 “
446 2416 569 2501 Quis''
604 2419 775 2514 inquiunt
811 2418 1051 2514 “prohibebit
1085 2443 1207 2512 regem

255 2534 479 2606 Francorum
504 2535 638 2631 dispari
664 2535 880 2629 cuicumque
904 2534 992 2606 velit
1015 2535 1207 2629 parvulum

256 2651 438 2738 maritare,
453 2660 517 2724 aut
536 2651 604 2723 sibi
622 2660 826 2723 curatorem
842 2651 901 2723 vel
918 2659 1078 2724 tutorem
1096 2651 1206 2746 assig-

255 2769 397 2840 nare?''
466 2765 550 2840 Istis
584 2767 759 2840 veraciter
791 2776 896 2839 'recte
935 2765 1207 2839 consulentibus

256 2883 408 2957 comites
424 2882 622 2957 Wintoniae
639 2893 676 2956 11
694 2883 931 2956 Gloucestriae
956 2907 1030 2956 non
1056 2905 1206 2956 consen-

255 3009 393 3087 serunt,
416 3025 482 3097 pro
506 3025 548 3073 eo
572 2999 670 3096 quod
692 3023 767 3072 non
790 3007 892 3071 erant
915 2999 994 3071 ausi
1016 3022 1102 3070 cum
1124 3022 1207 3093 rege

251 3117 499 3212 transfretare,
531 3141 598 3190 1111
631 3117 711 3214 1111
745 3113 978 3188 transfretato
1007 3115 1045 3187 in
1076 3115 1207 3211 Anglia
1249 3211 1255 3217 ι

256 3242 458 3328 expectare,
493 3243 642 3330 propter
681 3255 808 3305 causas
849 3231 952 3328 prius
992 3231 1205 3344 assignatas,

257 3349 386 3444 quibus
410 3350 448 3422 in
471 3349 636 3446 ipsorum
657 3349 832 3422 damnum
851 3347 1044 3445 episcopus
1062 3346 1206 3420 Lincol-

256 3465 326 3538 niae
353 3465 585 3539 vehementer
615 3465 815 3552 assentiant,
845 3488 994 3560 sperans
1024 3464 1207 3536 adfinem

207 3633 210 3636 -
256 3580 387 3654 deduci
404 3591 613 3667 tractatum,
632 3583 730 3678 quod
744 3584 821 3677 jam
839 3581 932 3652 inter
950 3581 1070 3676 ipsum
1091 3589 1126 3652 et
1151 3605 1207 3652 re-

256 3697 380 3792 ginam
399 3721 483 3770 cum
500 3698 670 3794 episcopo
688 3697 912 3770 Herelordiae
932 3696 1049 3770 suerat
1070 3697 1207 3769 machi-

256 3822 375 3900 natus,
406 3823 449 3888 ut
482 3815 520 3886 in
553 3824 657 3912 parte
691 3814 808 3910 tangit
842 3813 950 3886 111111
984 3814 1205 3909 praescripta.

256 3928 442 4003 Praedictis
467 3930 661 4003 comitibus
684 3955 749 4002 rex
771 3930 879 4002 mmis
903 3929 1139 4026 compatiens,
1164 3929 1208 4000 ti-

257 4070 430 4142 mensque
457 4055 502 4119 111
531 4047 650 4142 111111
679 4071 828 4142 peregre
857 4047 1021 4143 profecto
1046 4047 1085 4117 in
1111 4045 1207 4139 ipso-

257 4186 339 4233 rum
373 4162 550 4236 comitum
584 4161 866 4234 exinanitionem
900 4159 1069 4233 nobilitas
1103 4157 1207 4228 baro-

257 4301 347 4350 num
380 4278 513 4352 iterum
546 4278 744 4363 desaeviret,
779 4286 816 4349 et
848 4277 894 4348 ab
928 4275 1014 4346 olim
1054 4271 1208 4369 sopitam
