3110 5026
261 602 472 708 inraso]
515 639 560 688 nn
580 639 706 689 arnna
723 637 774 686 nn
795 603 1035 686 swrnanorrn.
1139 615 1212 688 265

263 789 346 840 curn
369 767 534 863 principe
557 789 673 863 nuper
694 764 845 858 dimisit,
864 773 901 837 ct
926 764 1068 837 occulte
1094 764 1214 860 girans

258 907 443 980 campum,
470 882 571 956 venit
604 883 651 954 ad
683 884 807 955 locum
836 881 1058 954 submissum
1086 881 1213 976 primae
1331 876 1333 880 ⁴

261 1001 428 1073 stationis
456 999 630 1073 coronati.
682 998 824 1069 Exinde
851 997 1061 1071 conscendit
1087 997 1215 1070 altiora

261 1116 382 1212 campi
413 1140 479 1211 per
512 1114 610 1187 viam
645 1111 796 1185 Gallicis
829 1113 960 1185 ultimo
994 1113 1129 1202 tritam,
1157 1115 1213 1187 sic

261 1255 406 1328 quoque
441 1230 563 1302 subito
605 1251 845 1325 prorumpens
879 1230 924 1302 ab
958 1231 1114 1316 occulto,
1148 1255 1214 1326 per

258 1347 467 1419 veneranda
499 1346 609 1441 signa¹
637 1344 816 1441 Georgica
854 1344 1070 1440 significavit
1109 1345 1214 1417 nobis

222 1461 224 1464 ’
259 1464 430 1536 amicum.
489 1461 595 1536 Tunc
626 1463 844 1535 verecundia
872 1462 1045 1558 principis
1074 1470 1214 1558 pugnat

261 1580 377 1653 aciem
408 1578 589 1653 Gallicam
621 1579 837 1675 dirumpere,
871 1579 1084 1674 priusquam
1115 1578 1213 1674 capi·

260 1705 389 1770 taneus
412 1691 540 1768 fuisset
563 1719 753 1792 aggressus
774 1695 871 1768 latus
894 1694 992 1782 belli,
1014 1693 1113 1791 quod
1136 1694 1213 1767 sola

262 1808 403 1882 Gallica
418 1817 520 1906 terga
536 1818 713 1883 tutarunt.
766 1811 866 1906 Ergo

311 1924 492 2022 Praecipiti
509 1927 592 1998 nisu
609 1949 783 1999 vesanum
800 1925 975 2022 principis
992 1949 1123 2022 agmen

309 2039 354 2113 In
379 2041 509 2114 densos
536 2041 655 2137 agitur
680 2065 828 2129 cuneos
852 2065 988 2138 perque
1003 2066 1121 2131 arma,
1147 2067 1212 2138 per

358 2157 483 2230 hostes

311 2269 453 2354 Quaerit
486 2271 566 2357 iter,
601 2280 754 2367 tutoque
792 2273 909 2345 latens
948 2274 1016 2345 sub
1055 2275 1212 2368 tegmine

359 2394 500 2481 pectus.

261 2498 388 2570 Aciem
405 2498 542 2571 dirimit
563 2499 748 2573 inimicam
764 2499 903 2573 chalibe
920 2507 1066 2572 vastans
1082 2501 1211 2574 obvius

260 2615 427 2712 princeps
437 2649 447 2706 ;
470 2615 636 2690 hostibus
654 2616 813 2690 medium
832 2641 870 2690 se
887 2617 1110 2705 commiscet,

510 2734 566 2805 Ac
583 2741 677 2805 rotat
695 2734 826 2806 efferus
913 2796 919 2807 .

510 2847 682 2944 Undique
699 2849 847 2937 serrum,

512 2962 598 3047 Quo
615 2965 698 3038 serit
715 2967 852 3054 obvios,

509 3080 667 3154 Proterit
682 3083 783 3170 alico,

410 3177 417 3186 ”
509 3193 558 3267 Et
575 3196 648 3268 ruit
665 3198 783 3270 omnis

509 3311 645 3386 Tactus
663 3314 708 3385 ab
725 3314 799 3388 illo.
871 3382 872 3388 ,

260 3429 411 3502 Vadunt
437 3429 608 3525 utrinque
635 3431 841 3520 miserandi,
869 3456 960 3529 quos
988 3457 1009 3506 a
1034 3441 1135 3528 tergo
1161 3435 1212 3506 la-

255 3546 365 3618 niant
389 3546 654 3644 commilitones
677 3548 722 3620 de
743 3551 780 3621 la
802 3550 957 3638 Busche,
977 3551 1211 3647 deputatique

261 3661 328 3734 sibi
356 3662 532 3758 sagittarii
559 3663 733 3758 grandine
759 3665 837 3736 diro
864 3665 1088 3754 confodiunt,
1116 3669 1210 3741 lace-

159 3821 163 3826 ·
259 3788 362 3852 ratur
378 3805 423 3852 ex
442 3788 529 3853 tunc
546 3787 625 3852 tota
641 3779 903 3877 Francigenum
920 3783 1048 3856 bellica
1064 3783 1190 3856 forma.

309 3894 384 3969 Hic
414 3895 516 3968 furor
544 3895 711 3970 Edwardi
742 3897 832 3971 serit
865 3897 925 3971 hic
959 3923 1025 3973 sua
1059 3898 1211 3971 fulmina

360 4013 541 4109 princeps

310 4125 390 4198 Nec
418 4136 540 4201 tamen
566 4130 627 4206 hic
653 4132 770 4205 voluit
800 4139 942 4203 tantum
971 4137 1210 4225 prosternere,

362 4251 539 4371 quantum
