3136 5016
318 1504 633 1589 GALFRIDI
674 1504 752 1586 LE
794 1503 1019 1585 BAKER
1058 1504 1139 1584 DE

553 1656 910 1740 SWINBROKE

792 1787 886 1879 iuvi·

259 1927 507 1985 cHRON1coN
527 1926 583 1983 AB
603 1924 794 1982 EXORDIO
814 1924 956 1982 MUNDI
974 1923 1033 1982 AD
1049 1923 1206 1982 ANNUM

592 2027 753 2086 DOMINI
776 2026 859 2084 1350.

664 2277 786 2290 —-

303 2501 349 2571 Iu
380 2502 579 2597 primordio
609 2503 785 2597 temporis
815 2512 899 2575 ante
929 2527 1074 2575 omnem
1109 2505 1206 2576 diem

253 2615 354 2689 Deus
371 2626 474 2713 pater
494 2617 533 2688 in
553 2617 664 2688 verbo
685 2626 721 2689 et
742 2641 807 2713 per
823 2617 976 2689 verbum
994 2641 1103 2690 suum
1119 2618 1206 2691 feeit

252 2758 297 2806 ex
336 2734 451 2806 nihilo
489 2758 611 2807 rerum
651 2734 816 2806 omnium
853 2735 1054 2821 materiam,
1094 2759 1205 2830 quam

251 2860 378 2946 postea
399 2875 465 2946 per
489 2850 511 2922 6
536 2850 612 2923 dies
635 2849 755 2923 varios
778 2849 942 2922 distinxit
968 2859 1075 2946 atque
1099 2874 1205 2923 orna·

251 2968 315 3040 vit.
369 2966 500 3040 Tribus
526 2968 649 3063 itaque
673 2967 802 3063 primis
826 2967 953 3040 diebus
976 2992 1057 3040 eam
1082 2968 1204 3064 dispo-

252 3085 336 3171 suit,
372 3086 560 3181 tribusque
594 3084 827 3180 sequentibus
862 3084 1015 3157 eandem
1048 3086 1204 3171 ornavit,

253 3202 406 3297 septimo
434 3202 491 3274 die
518 3202 563 3274 ab
592 3201 692 3273 omni
722 3225 830 3297 opere
858 3202 955 3296 quod
985 3201 1119 3274 fecerat
1148 3226 1203 3274 re-

254 3318 401 3412 quievit.

302 3432 424 3504 Primo
443 3457 606 3529 namque
616 3433 673 3506 die
691 3433 776 3505 fecit
798 3432 899 3505 Deus
920 3435 1040 3506 lucem
1063 3434 1101 3506 in
1125 3459 1203 3506 mo-

253 3548 341 3620 dum
373 3548 503 3622 lucidae
538 3549 657 3635 nubis,
688 3573 767 3644 quae
796 3549 876 3621 vice
906 3550 992 3622 solis
1023 3558 1105 3622 ortu
1136 3573 1203 3623 suo

254 3664 350 3736 diem
367 3664 511 3752 faceret,
531 3674 567 3737 et
588 3690 720 3738 occasu
744 3689 812 3737 suo
834 3673 981 3738 noctem
1004 3667 1203 3753 induceret,

251 3787 288 3852 et
305 3804 390 3853 cum
407 3780 478 3852 ista
493 3782 575 3854 luce
592 3780 710 3875 primo
729 3779 786 3852 die
804 3780 914 3853 creati
933 3791 1019 3853 suut
1036 3782 1165 3878 angeli.

304 3894 472 3969 Secundo
490 3896 548 3968 die
566 3895 650 3968 fecit
667 3894 768 3968 Deus
785 3896 1055 3969 firmamentum
1073 3898 1111 3970 in
1128 3921 1204 3991 me-

254 4014 314 4088 dio
331 4038 519 4109 aquarum,
531 4015 569 4087 id
581 4023 636 4086 est
649 4015 831 4110 quandam
843 4016 1059 4088 exteriorem
1076 4014 1205 4086 mundi

255 4129 482 4225 superficiem
505 4154 551 4203 ex
573 4130 676 4225 aquis
694 4129 891 4225 congelatis
914 4129 1028 4202 instar
1045 4127 1206 4224 crystalli

256 4247 445 4355 solidatam
468 4255 504 4320 et
526 4246 761 4342 perlucidam,
786 4246 881 4329 intra
906 4270 944 4318 se
971 4253 1099 4316 eaetera
1124 4266 1205 4314 seu·

719 4386 740 4430 u
