3110 5026
371 630 446 710 230
633 647 858 700 6666616611
878 649 1062 700 esurium
1105 627 1196 718 [nn.
1216 628 1324 704 1355.

365 778 409 850 'in
440 775 601 850 exercitu
633 774 705 850 fuit
738 775 1018 872 proclamatum,
1046 774 1146 872 quod
1174 777 1327 872 quilibet

349 890 528 988 '‘gestarer
570 914 669 966 arma
711 891 827 965 sancti
865 889 1025 986 Georgii,
1060 900 1098 966 et
1140 891 1327 966 dicebatur

370 1009 470 1104 quod
486 1061 488 1065 ψ
502 1007 641 1082 16161161
674 1007 802 1082 eadem
835 1016 1034 1104 gestarunt.
1086 1005 1157 1082 Die
1186 1009 1326 1083 sabbati

371 1125 417 1198 ad
442 1134 604 1200 castrum
628 1122 728 1212 Nau,
746 1123 810 1198 ubi
835 1124 904 1197 tria
929 1132 1047 1200 castra
1071 1124 1184 1200 trium
1209 1125 1325 1198 domi-

370 1266 503 1316 norum
525 1266 642 1316 uuum
665 1251 841 1339 apparent
863 1240 909 1314 (16
933 1241 1052 1337 longe.
1104 1239 1175 1317 Die
1197 1240 1325 1316 Domi·

370 1360 464 1447 nica,
492 1357 630 1435 scilicet
654 1357 870 1432 duodecimo
896 1355 993 1429 illius
1020 1357 1168 1442 mensis,
1194 1358 1324 1432 transi-

370 1476 425 1549 vit
451 1475 630 1550 exercitus
656 1498 722 1570 per
747 1472 914 1546 Laundes
940 1472 985 1546 de
1010 1471 1217 1560 Bordeaux,
1244 1499 1325 1571 quae

371 1601 458 1666 sunt
487 1593 532 1668 de
562 1591 723 1666 (16611616
750 1589 896 1664 66611116
923 1591 968 1666 (16
994 1588 1196 1666 1161166616.
1250 1589 1325 1666 Ista

370 1711 467 1783 dieta
497 1710 620 1806 longa,
653 1717 755 1782 vasta
788 1716 824 1784 et
859 1708 965 1793 mala,
1001 1707 1137 1782 multos
1167 1707 1325 1804 perdidit

370 1849 494 1921 equos,
560 1825 636 1900 Isto
676 1825 733 1901 die
773 1825 812 1897 in
852 1822 1026 1919 praedicto
1058 1831 1162 1900 vasto
1195 1833 1325 1900 vocato

370 1941 538 2014 Laundes
559 1965 582 2014 a
604 1941 745 2042 duobus
770 1940 984 2013 milliaribus
1004 1963 1027 2012 a
1049 1939 1136 2013 villa
1152 1941 1324 2014 d'Arcule

370 2054 517 2129 fuerunt
541 2055 674 2128 vexilla
700 2052 890 2150 displicata
915 2064 952 2128 61
977 2055 1157 2130 exercitus
1182 2057 1221 2130 16
1246 2066 1323 2130 161-

370 2193 447 2244 1666
477 2170 638 2244 divisus:
676 2170 715 2242 in
744 2169 863 2266 prima
891 2171 1068 2260 custodia,
1099 2172 1142 2244 in·
1167 2197 1240 2268 qua
1267 2183 1324 2249 ter

369 2288 467 2364 mille
497 2287 567 2360 viri
599 2310 784 2361 armorum
813 2287 972 2376 suerunt,
1003 2311 1124 2362 comes
1153 2288 1323 2364 Warwici

369 2404 669 2491 constabularius,
689 2402 909 2499 Reginaldus
932 2403 977 2478 de
999 2400 1164 2478 Oobham
1188 2430 1322 2479 mares-

370 2522 496 2609 callus,
514 2521 685 2598 dominus
711 2520 756 2594 de
782 2518 1004 2616 Bealchamp
1031 2518 1322 2612 sumersetensis,

370 2639 538 2713 dominus
572 2639 617 2710 de
652 2636 836 2724 Clifforde,
872 2636 1040 2710 dominus
1076 2637 1238 2713 Thomas
1277 2641 1323 2716 de

369 2756 581 2853 Hamptone
607 2757 654 2829 ad
681 2757 824 2842 vexilla,
851 2765 894 2828 ut
920 2779 1004 2829 cum
1031 2756 1083 2830 616
1111 2755 1323 2834 Gasconum

369 2882 509 2969 septem
538 2874 702 2947 barones
749 2872 800 2957 ,In
828 2872 948 2946 media
976 2873 1155 2960 custodia,
1184 2874 1224 2947 16
1250 2898 1323 2970 qna

369 2997 507 3085 septem
531 2989 630 3061 mille
652 2988 721 3060 viri
744 3011 930 3062 armorum
955 2997 1085 3084 praeter
1110 2989 1260 3064 61611666
1285 3002 1323 3066 61

369 3105 566 3178 servientes
584 3105 742 3191 fuerunt,
760 3104 930 3178 dominus
955 3105 1124 3202 princeps
1147 3130 1232 3179 cum
1255 3106 1322 3180 du-

368 3220 454 3315 plici
477 3221 621 3306 vexillo,
646 3244 768 3294 comes
791 3219 956 3308 01166166,
974 3221 1145 3296 dominus
1167 3223 1321 3298 Bartho-

369 3336 518 3408 lomaeus
541 3336 586 3408 de
609 3333 878 3430 Bourghassbe,
901 3336 1071 3412 dominus
1093 3337 1254 3414 Joannes
1277 3340 1322 3413 de

369 3451 504 3540 Insula,
539 3449 709 3524 dominus
743 3451 788 3524 de
821 3451 970 3552 Wylby,
1005 3455 1174 3532 dominus
1207 3457 1253 3530 de
1285 3458 1323 3530 la

369 3566 492 3653 Ware,
521 3566 691 3639 dominus
719 3565 922 3644 Mauricius
949 3571 994 3644 (16
1022 3569 1199 3668 Berkleye
1224 3573 1322 3650 filius

368 3682 507 3756 domini
529 3682 680 3756 Thomas
702 3692 792 3758 tunc
813 3686 971 3762 viventis
995 3687 1180 3784 decrepiti,
1206 3689 1321 3762 domi-

366 3823 438 3872 nus
471 3799 632 3875 Joannes
667 3801 856 3890 Boursers,
887 3804 1057 3878 dominus
1085 3802 1247 3878 loannes
1277 3807 1323 3878 de

368 3916 467 3990 Roos
512 3917 628 4014 major
676 3917 901 4015 Burdegalis,
944 3920 1152 4015 capitaneus
1195 3919 1240 3994 de
1287 3924 1324 3998 la

367 4033 525 4121 Busche,
560 4033 729 4110 dominus
763 4035 808 4106 de
842 4032 1038 4119 Camount,
1072 4033 1242 4110 dominus
1276 4038 1322 4112 de

367 4149 620 4223 Mountferant
649 4150 695 4224 ad
723 4149 865 4224 vexilla.
919 4149 962 4224 In
988 4151 1154 4226 custodia
1180 4161 1320 4250 postre-

367 4291 428 4338 ma
455 4274 611 4363 quatuor
638 4264 737 4338 mille
764 4264 926 4338 virorum
953 4291 1136 4342 armorum
1163 4269 1231 4346 sub
1259 4294 1320 4346 co·
