<?xml version="1.0" encoding="UTF-8"?>
<!DOCTYPE html PUBLIC "-//W3C//DTD XHTML 1.0 Transitional//EN"
    "http://www.w3.org/TR/xhtml1/DTD/xhtml1-transitional.dtd">
<html xmlns="http://www.w3.org/1999/xhtml" xml:lang="en" lang="en">
 <head>
  <title>
</title>
<meta http-equiv="Content-Type" content="text/html;charset=utf-8" />
  <meta name='ocr-system' content='tesseract 3.04.00' />
  <meta name='ocr-capabilities' content='ocr_page ocr_carea ocr_par ocr_line ocrx_word'/>
</head>
<body>
  <div class='ocr_page' id='page_1' title='image "./galfridilebaker00gilegoog_0130.png"; bbox 0 0 3118 5008; ppageno 0'>
   <div class='ocr_carea' id='block_1_1' title="bbox 388 622 1337 719">
    <p class='ocr_par' dir='ltr' id='par_1_1' title="bbox 388 622 1337 719">
     <span class='ocr_line' id='line_1_1' title="bbox 388 622 1337 719; baseline 0.009 -26"><span class='ocrx_word' id='word_1_1' title='bbox 388 622 457 694; x_wconf 81' lang='lat'><strong>126</strong></span> <span class='ocrx_word' id='word_1_2' title='bbox 644 645 871 696; x_wconf 80' lang='lat' dir='ltr'><strong>onnourcou</strong></span> <span class='ocrx_word' id='word_1_3' title='bbox 891 647 1075 702; x_wconf 75' lang='lat' dir='ltr'><strong>ennrrnnr</strong></span> <span class='ocrx_word' id='word_1_4' title='bbox 1125 629 1337 719; x_wconf 78' lang='lat' dir='ltr'><strong>[n.o.l335.</strong></span> 
     </span>
    </p>
   </div>
   <div class='ocr_carea' id='block_1_2' title="bbox 333 776 1338 3788">
    <p class='ocr_par' dir='ltr' id='par_1_2' title="bbox 371 776 1338 2851">
     <span class='ocr_line' id='line_1_2' title="bbox 382 776 1338 874; baseline 0.007 -26"><span class='ocrx_word' id='word_1_5' title='bbox 382 797 492 872; x_wconf 89' lang='lat' dir='ltr'><strong>quam</strong></span> <span class='ocrx_word' id='word_1_6' title='bbox 534 797 661 871; x_wconf 89' lang='lat' dir='ltr'><strong>pacem</strong></span> <span class='ocrx_word' id='word_1_7' title='bbox 698 777 758 848; x_wconf 90' lang='lat' dir='ltr'><strong>vel</strong></span> <span class='ocrx_word' id='word_1_8' title='bbox 797 776 943 872; x_wconf 91' lang='lat' dir='ltr'><strong>longam</strong></span> <span class='ocrx_word' id='word_1_9' title='bbox 986 785 1163 874; x_wconf 80' lang='lat' dir='ltr'><strong>treugam,</strong></span> <span class='ocrx_word' id='word_1_10' title='bbox 1200 782 1338 855; x_wconf 91' lang='lat' dir='ltr'><strong>nedum</strong></span> 
     </span>
     <span class='ocr_line' id='line_1_3' title="bbox 381 889 1334 992; baseline 0.01 -30"><span class='ocrx_word' id='word_1_11' title='bbox 381 890 549 963; x_wconf 90' lang='lat' dir='ltr'><strong>inutilem</strong></span> <span class='ocrx_word' id='word_1_12' title='bbox 583 890 648 964; x_wconf 90' lang='lat' dir='ltr'><strong>sed</strong></span> <span class='ocrx_word' id='word_1_13' title='bbox 676 889 844 964; x_wconf 86' lang='lat' dir='ltr'><strong>nocivam</strong></span> <span class='ocrx_word' id='word_1_14' title='bbox 870 891 1047 989; x_wconf 89' lang='lat' dir='ltr'><strong>Anglicis,</strong></span> <span class='ocrx_word' id='word_1_15' title='bbox 1083 905 1334 992; x_wconf 79' lang='lat' dir='ltr'><strong>expectatunt.</strong></span> 
     </span>
     <span class='ocr_line' id='line_1_4' title="bbox 381 1002 1335 1096; baseline 0.009 -23"><span class='ocrx_word' id='word_1_16' title='bbox 381 1002 465 1076; x_wconf 92' lang='lat' dir='ltr'><strong>Hoc</strong></span> <span class='ocrx_word' id='word_1_17' title='bbox 491 1027 587 1076; x_wconf 89' lang='lat' dir='ltr'><strong>anno</strong></span> <span class='ocrx_word' id='word_1_18' title='bbox 613 1004 709 1077; x_wconf 92' lang='lat' dir='ltr'><strong>circa</strong></span> <span class='ocrx_word' id='word_1_19' title='bbox 734 1003 869 1077; x_wconf 83' lang='lat' dir='ltr'><strong>festum</strong></span> <span class='ocrx_word' id='word_1_20' title='bbox 893 1006 1009 1079; x_wconf 90' lang='lat' dir='ltr'><strong>sancti</strong></span> <span class='ocrx_word' id='word_1_21' title='bbox 1030 1005 1196 1096; x_wconf 91' lang='lat' dir='ltr'><strong>Martini,</strong></span> <span class='ocrx_word' id='word_1_22' title='bbox 1219 1009 1335 1082; x_wconf 91' lang='lat' dir='ltr'><strong>domi-</strong></span> 
     </span>
     <span class='ocr_line' id='line_1_5' title="bbox 381 1119 1335 1212; baseline 0.007 -20"><span class='ocrx_word' id='word_1_23' title='bbox 381 1144 451 1193; x_wconf 85' lang='lat' dir='ltr'><strong>nus</strong></span> <span class='ocrx_word' id='word_1_24' title='bbox 476 1119 675 1193; x_wconf 86' lang='lat' dir='ltr'><strong>Edwardus</strong></span> <span class='ocrx_word' id='word_1_25' title='bbox 700 1121 735 1192; x_wconf 93' lang='lat' dir='ltr'><strong>le</strong></span> <span class='ocrx_word' id='word_1_26' title='bbox 760 1119 906 1208; x_wconf 91' lang='lat' dir='ltr'><strong>Bohun,</strong></span> <span class='ocrx_word' id='word_1_27' title='bbox 934 1123 1066 1195; x_wconf 92' lang='lat' dir='ltr'><strong>nobilis</strong></span> <span class='ocrx_word' id='word_1_28' title='bbox 1093 1123 1237 1212; x_wconf 73' lang='lat' dir='ltr'><strong>indolis</strong></span> <span class='ocrx_word' id='word_1_29' title='bbox 1265 1124 1335 1200; x_wconf 88' lang='lat' dir='ltr'><strong>fuit</strong></span> 
     </span>
     <span class='ocr_line' id='line_1_6' title="bbox 380 1234 1334 1325; baseline 0.007 -17"><span class='ocrx_word' id='word_1_30' title='bbox 380 1236 419 1308; x_wconf 92' lang='lat' dir='ltr'><strong>in</strong></span> <span class='ocrx_word' id='word_1_31' title='bbox 455 1234 624 1310; x_wconf 91' lang='lat' dir='ltr'><strong>Marchia</strong></span> <span class='ocrx_word' id='word_1_32' title='bbox 667 1235 797 1309; x_wconf 87' lang='lat' dir='ltr'><strong>Scotiae</strong></span> <span class='ocrx_word' id='word_1_33' title='bbox 841 1237 1064 1325; x_wconf 88' lang='lat' dir='ltr'><strong>submersus,</strong></span> <span class='ocrx_word' id='word_1_34' title='bbox 1101 1240 1334 1315; x_wconf 91' lang='lat' dir='ltr'><strong>domicellum</strong></span> 
     </span>
     <span class='ocr_line' id='line_1_7' title="bbox 380 1353 1333 1450; baseline 0.008 -27"><span class='ocrx_word' id='word_1_35' title='bbox 380 1376 511 1450; x_wconf 87' lang='lat' dir='ltr'><strong>nempe</strong></span> <span class='ocrx_word' id='word_1_36' title='bbox 529 1378 636 1426; x_wconf 90' lang='lat' dir='ltr'><strong>suum</strong></span> <span class='ocrx_word' id='word_1_37' title='bbox 653 1354 837 1426; x_wconf 89' lang='lat' dir='ltr'><strong>volentem</strong></span> <span class='ocrx_word' id='word_1_38' title='bbox 854 1353 1016 1448; x_wconf 88' lang='lat' dir='ltr'><strong>praedam</strong></span> <span class='ocrx_word' id='word_1_39' title='bbox 1033 1357 1215 1450; x_wconf 83' lang='lat' dir='ltr'><strong>pecudum</strong></span> <span class='ocrx_word' id='word_1_40' title='bbox 1232 1366 1333 1430; x_wconf 88' lang='lat' dir='ltr'><strong>trans</strong></span> 
     </span>
     <span class='ocr_line' id='line_1_8' title="bbox 378 1469 1332 1570; baseline 0.002 -25"><span class='ocrx_word' id='word_1_41' title='bbox 378 1471 517 1545; x_wconf 90' lang='lat' dir='ltr'><strong>flumen</strong></span> <span class='ocrx_word' id='word_1_42' title='bbox 538 1470 664 1567; x_wconf 85' lang='lat' dir='ltr'><strong>fugare</strong></span> <span class='ocrx_word' id='word_1_43' title='bbox 688 1469 851 1566; x_wconf 87' lang='lat' dir='ltr'>percepit</span> <span class='ocrx_word' id='word_1_44' title='bbox 873 1470 1150 1567; x_wconf 85' lang='lat' dir='ltr'><strong>periclitantem,</strong></span> <span class='ocrx_word' id='word_1_45' title='bbox 1169 1471 1208 1545; x_wconf 93' lang='lat' dir='ltr'><strong>in</strong></span> <span class='ocrx_word' id='word_1_46' title='bbox 1229 1475 1332 1570; x_wconf 89' lang='lat' dir='ltr'><strong>cujus</strong></span> 
     </span>
     <span class='ocr_line' id='line_1_9' title="bbox 379 1585 1333 1685; baseline 0.002 -25"><span class='ocrx_word' id='word_1_47' title='bbox 379 1587 601 1685; x_wconf 88' lang='lat' dir='ltr'><strong>adjutorium</strong></span> <span class='ocrx_word' id='word_1_48' title='bbox 635 1585 858 1659; x_wconf 89' lang='lat' dir='ltr'><strong>dextrarium</strong></span> <span class='ocrx_word' id='word_1_49' title='bbox 893 1609 1002 1660; x_wconf 89' lang='lat' dir='ltr'><strong>suum</strong></span> <span class='ocrx_word' id='word_1_50' title='bbox 1034 1587 1074 1659; x_wconf 92' lang='lat' dir='ltr'><strong>in</strong></span> <span class='ocrx_word' id='word_1_51' title='bbox 1106 1589 1250 1661; x_wconf 88' lang='lat' dir='ltr'><strong>alveum</strong></span> <span class='ocrx_word' id='word_1_52' title='bbox 1280 1591 1333 1662; x_wconf 93' lang='lat' dir='ltr'><strong>di-</strong></span> 
     </span>
     <span class='ocr_line' id='line_1_10' title="bbox 379 1703 1332 1803; baseline 0.002 -25"><span class='ocrx_word' id='word_1_53' title='bbox 379 1706 485 1792; x_wconf 89' lang='lat' dir='ltr'><strong>rexit,</strong></span> <span class='ocrx_word' id='word_1_54' title='bbox 502 1705 566 1776; x_wconf 93' lang='lat' dir='ltr'><strong>ubi</strong></span> <span class='ocrx_word' id='word_1_55' title='bbox 585 1713 735 1800; x_wconf 90' lang='lat' dir='ltr'><strong>propter</strong></span> <span class='ocrx_word' id='word_1_56' title='bbox 757 1703 1027 1800; x_wconf 88' lang='lat' dir='ltr'><strong>limpitudinem</strong></span> <span class='ocrx_word' id='word_1_57' title='bbox 1049 1705 1214 1801; x_wconf 88' lang='lat' dir='ltr'><strong>lapidum</strong></span> <span class='ocrx_word' id='word_1_58' title='bbox 1231 1731 1332 1803; x_wconf 89' lang='lat' dir='ltr'><strong>gros-</strong></span> 
     </span>
     <span class='ocr_line' id='line_1_11' title="bbox 379 1818 1331 1918; baseline 0.002 -24"><span class='ocrx_word' id='word_1_59' title='bbox 379 1846 504 1894; x_wconf 90' lang='lat' dir='ltr'><strong>sorum</strong></span> <span class='ocrx_word' id='word_1_60' title='bbox 532 1830 569 1892; x_wconf 92' lang='lat' dir='ltr'><strong>et</strong></span> <span class='ocrx_word' id='word_1_61' title='bbox 596 1818 868 1915; x_wconf 87' lang='lat' dir='ltr'><strong>sphaericorum,</strong></span> <span class='ocrx_word' id='word_1_62' title='bbox 897 1843 1007 1916; x_wconf 90' lang='lat' dir='ltr'><strong>super</strong></span> <span class='ocrx_word' id='word_1_63' title='bbox 1033 1844 1125 1917; x_wconf 91' lang='lat' dir='ltr'><strong>quos</strong></span> <span class='ocrx_word' id='word_1_64' title='bbox 1150 1846 1244 1918; x_wconf 87' lang='lat' dir='ltr'><strong>aqua</strong></span> <span class='ocrx_word' id='word_1_65' title='bbox 1270 1823 1331 1896; x_wconf 92' lang='lat' dir='ltr'><strong>de-</strong></span> 
     </span>
     <span class='ocr_line' id='line_1_12' title="bbox 378 1935 1329 2036; baseline 0.003 -27"><span class='ocrx_word' id='word_1_66' title='bbox 378 1938 558 2024; x_wconf 86' lang='lat' dir='ltr'><strong>currebat,</strong></span> <span class='ocrx_word' id='word_1_67' title='bbox 578 1935 780 2008; x_wconf 85' lang='lat' dir='ltr'><strong>dextrarius</strong></span> <span class='ocrx_word' id='word_1_68' title='bbox 802 1935 985 2033; x_wconf 91' lang='lat' dir='ltr'><strong>impotens</strong></span> <span class='ocrx_word' id='word_1_69' title='bbox 1007 1938 1166 2011; x_wconf 89' lang='lat' dir='ltr'><strong>stabilire</strong></span> <span class='ocrx_word' id='word_1_70' title='bbox 1186 1939 1329 2036; x_wconf 90' lang='lat' dir='ltr'><strong>pedem,</strong></span> 
     </span>
     <span class='ocr_line' id='line_1_13' title="bbox 371 2052 1332 2152; baseline 0.006 -28"><span class='ocrx_word' id='word_1_71' title='bbox 371 2052 511 2126; x_wconf 86' lang='lat' dir='ltr'><strong>¹cecidit</strong></span> <span class='ocrx_word' id='word_1_72' title='bbox 544 2077 630 2125; x_wconf 91' lang='lat' dir='ltr'><strong>cum</strong></span> <span class='ocrx_word' id='word_1_73' title='bbox 663 2052 812 2125; x_wconf 89' lang='lat' dir='ltr'><strong>domino</strong></span> <span class='ocrx_word' id='word_1_74' title='bbox 847 2076 914 2126; x_wconf 90' lang='lat' dir='ltr'><strong>suo</strong></span> <span class='ocrx_word' id='word_1_75' title='bbox 948 2063 1099 2142; x_wconf 86' lang='lat' dir='ltr'><strong>armato,</strong></span> <span class='ocrx_word' id='word_1_76' title='bbox 1135 2063 1332 2152; x_wconf 90' lang='lat' dir='ltr'><strong>autequam</strong></span> 
     </span>
     <span class='ocr_line' id='line_1_14' title="bbox 378 2170 1329 2269; baseline 0.003 -27"><span class='ocrx_word' id='word_1_77' title='bbox 378 2170 457 2242; x_wconf 90' lang='lat' dir='ltr'><strong>aliis</strong></span> <span class='ocrx_word' id='word_1_78' title='bbox 491 2178 635 2266; x_wconf 90' lang='lat' dir='ltr'><strong>poterat</strong></span> <span class='ocrx_word' id='word_1_79' title='bbox 661 2170 802 2266; x_wconf 86' lang='lat' dir='ltr'><strong>juvare,</strong></span> <span class='ocrx_word' id='word_1_80' title='bbox 834 2170 1022 2243; x_wconf 87' lang='lat' dir='ltr'><strong>submerso</strong></span> <span class='ocrx_word' id='word_1_81' title='bbox 1056 2171 1095 2243; x_wconf 92' lang='lat' dir='ltr'><strong>in</strong></span> <span class='ocrx_word' id='word_1_82' title='bbox 1128 2172 1329 2269; x_wconf 88' lang='lat' dir='ltr'><strong>profundis.</strong></span> 
     </span>
     <span class='ocr_line' id='line_1_15' title="bbox 378 2286 1330 2382; baseline 0.007 -25"><span class='ocrx_word' id='word_1_83' title='bbox 378 2286 454 2359; x_wconf 91' lang='lat' dir='ltr'><strong>Isto</strong></span> <span class='ocrx_word' id='word_1_84' title='bbox 480 2287 590 2361; x_wconf 90' lang='lat' dir='ltr'><strong>etiam</strong></span> <span class='ocrx_word' id='word_1_85' title='bbox 617 2311 724 2374; x_wconf 91' lang='lat' dir='ltr'><strong>anno,</strong></span> <span class='ocrx_word' id='word_1_86' title='bbox 753 2294 881 2382; x_wconf 87' lang='lat' dir='ltr'><strong>quarta</strong></span> <span class='ocrx_word' id='word_1_87' title='bbox 907 2286 964 2359; x_wconf 88' lang='lat' dir='ltr'><strong>die</strong></span> <span class='ocrx_word' id='word_1_88' title='bbox 988 2286 1213 2375; x_wconf 87' lang='lat' dir='ltr'><strong>Decembris,</strong></span> <span class='ocrx_word' id='word_1_89' title='bbox 1241 2289 1330 2365; x_wconf 90' lang='lat' dir='ltr'><strong>obiit</strong></span> 
     </span>
     <span class='ocr_line' id='line_1_16' title="bbox 377 2403 1328 2502; baseline 0.003 -26"><span class='ocrx_word' id='word_1_90' title='bbox 377 2403 538 2502; x_wconf 79' lang='lat' dir='ltr'><strong>Joannes</strong></span> <span class='ocrx_word' id='word_1_91' title='bbox 560 2429 655 2502; x_wconf 91' lang='lat' dir='ltr'><strong>papa</strong></span> <span class='ocrx_word' id='word_1_92' title='bbox 677 2403 815 2476; x_wconf 74' lang='lat' dir='ltr'><strong>XXII¹¹⁸</strong></span> <span class='ocrx_word' id='word_1_93' title='bbox 833 2404 872 2476; x_wconf 92' lang='lat' dir='ltr'><strong>in</strong></span> <span class='ocrx_word' id='word_1_94' title='bbox 890 2427 956 2477; x_wconf 89' lang='lat' dir='ltr'><strong>suo</strong></span> <span class='ocrx_word' id='word_1_95' title='bbox 973 2405 1109 2501; x_wconf 90' lang='lat' dir='ltr'><strong>palatio</strong></span> <span class='ocrx_word' id='word_1_96' title='bbox 1125 2405 1328 2494; x_wconf 85' lang='lat' dir='ltr'><strong>Aviuoniae,</strong></span> 
     </span>
     <span class='ocr_line' id='line_1_17' title="bbox 378 2520 1328 2618; baseline 0.002 -24"><span class='ocrx_word' id='word_1_97' title='bbox 378 2533 415 2595; x_wconf 91' lang='lat' dir='ltr'><strong>et</strong></span> <span class='ocrx_word' id='word_1_98' title='bbox 438 2523 523 2594; x_wconf 71' lang='grc' dir='ltr'><strong>20ιῃο</strong></span> <span class='ocrx_word' id='word_1_99' title='bbox 546 2522 604 2594; x_wconf 93' lang='lat' dir='ltr'><strong>die</strong></span> <span class='ocrx_word' id='word_1_100' title='bbox 628 2520 791 2618; x_wconf 89' lang='lat' dir='ltr'><strong>ejusdem</strong></span> <span class='ocrx_word' id='word_1_101' title='bbox 810 2520 946 2594; x_wconf 85' lang='lat' dir='ltr'><strong>mensis</strong></span> <span class='ocrx_word' id='word_1_102' title='bbox 968 2520 1038 2593; x_wconf 87' lang='lat' dir='ltr'><strong>suit</strong></span> <span class='ocrx_word' id='word_1_103' title='bbox 1060 2522 1196 2596; x_wconf 87' lang='lat' dir='ltr'><strong>electus</strong></span> <span class='ocrx_word' id='word_1_104' title='bbox 1213 2522 1328 2596; x_wconf 91' lang='lat' dir='ltr'><strong>Bene·</strong></span> 
     </span>
     <span class='ocr_line' id='line_1_18' title="bbox 378 2636 1328 2737; baseline 0.001 -25"><span class='ocrx_word' id='word_1_105' title='bbox 378 2639 497 2713; x_wconf 88' lang='lat' dir='ltr'><strong>dictus</strong></span> <span class='ocrx_word' id='word_1_106' title='bbox 514 2663 609 2736; x_wconf 86' lang='lat' dir='ltr'><strong>papa</strong></span> <span class='ocrx_word' id='word_1_107' title='bbox 625 2637 712 2724; x_wconf 88' lang='lat' dir='ltr'><strong>XII,</strong></span> <span class='ocrx_word' id='word_1_108' title='bbox 730 2646 767 2710; x_wconf 89' lang='lat' dir='ltr'><strong>et</strong></span> <span class='ocrx_word' id='word_1_109' title='bbox 784 2637 843 2710; x_wconf 91' lang='lat' dir='ltr'><strong>die</strong></span> <span class='ocrx_word' id='word_1_110' title='bbox 859 2636 1052 2712; x_wconf 87' lang='lat' dir='ltr'><strong>Dominioa</strong></span> <span class='ocrx_word' id='word_1_111' title='bbox 1068 2646 1154 2733; x_wconf 89' lang='lat' dir='ltr'><strong>post</strong></span> <span class='ocrx_word' id='word_1_112' title='bbox 1168 2638 1328 2737; x_wconf 86' lang='lat' dir='ltr'><strong>Epipha-</strong></span> 
     </span>
     <span class='ocr_line' id='line_1_19' title="bbox 378 2757 928 2851; baseline -0.004 -23"><span class='ocrx_word' id='word_1_113' title='bbox 378 2757 476 2829; x_wconf 86' lang='lat' dir='ltr'><strong>niam</strong></span> <span class='ocrx_word' id='word_1_114' title='bbox 494 2764 706 2851; x_wconf 88' lang='lat' dir='ltr'><strong>sequentem</strong></span> <span class='ocrx_word' id='word_1_115' title='bbox 723 2762 928 2827; x_wconf 80' lang='lat' dir='ltr'><strong>coronatus.</strong></span> 
     </span>
    </p>

    <p class='ocr_par' dir='ltr' id='par_1_3' title="bbox 333 2851 1328 3788">
     <span class='ocr_line' id='line_1_20' title="bbox 427 2851 1326 2968; baseline 0 -23"><span class='ocrx_word' id='word_1_116' title='bbox 427 2871 577 2945; x_wconf 92' lang='lat' dir='ltr'>ANNO</span> <span class='ocrx_word' id='word_1_117' title='bbox 612 2874 718 2959; x_wconf 86' lang='lat'><strong>1335,</strong></span> <span class='ocrx_word' id='word_1_118' title='bbox 747 2851 937 2943; x_wconf 87' lang='lat' dir='ltr'><strong>Benedicti</strong></span> <span class='ocrx_word' id='word_1_119' title='bbox 964 2895 1067 2968; x_wconf 91' lang='lat' dir='ltr'><strong>papae</strong></span> <span class='ocrx_word' id='word_1_120' title='bbox 1093 2869 1169 2943; x_wconf 93' lang='lat' dir='ltr'><strong>XII</strong></span> <span class='ocrx_word' id='word_1_121' title='bbox 1195 2872 1326 2967; x_wconf 90' lang='lat' dir='ltr'><strong>primo,</strong></span> 
     </span>
     <span class='ocr_line' id='line_1_21' title="bbox 377 2988 1328 3084; baseline 0 -21"><span class='ocrx_word' id='word_1_122' title='bbox 377 3001 414 3063; x_wconf 91' lang='lat' dir='ltr'><strong>et</strong></span> <span class='ocrx_word' id='word_1_123' title='bbox 431 2988 598 3062; x_wconf 88' lang='lat' dir='ltr'><strong>Edwardi</strong></span> <span class='ocrx_word' id='word_1_124' title='bbox 614 2988 708 3083; x_wconf 86' lang='lat' dir='ltr'><strong>regis</strong></span> <span class='ocrx_word' id='word_1_125' title='bbox 726 3010 836 3075; x_wconf 88' lang='lat' dir='ltr'><strong>ncnc,</strong></span> <span class='ocrx_word' id='word_1_126' title='bbox 855 3011 939 3084; x_wconf 87' lang='lat' dir='ltr'><strong>rege</strong></span> <span class='ocrx_word' id='word_1_127' title='bbox 956 2988 996 3061; x_wconf 92' lang='lat' dir='ltr'><strong>in</strong></span> <span class='ocrx_word' id='word_1_128' title='bbox 1012 2988 1179 3062; x_wconf 86' lang='lat' dir='ltr'><strong>Marchia</strong></span> <span class='ocrx_word' id='word_1_129' title='bbox 1201 3000 1328 3063; x_wconf 90' lang='lat' dir='ltr'><strong>contra</strong></span> 
     </span>
     <span class='ocr_line' id='line_1_22' title="bbox 378 3104 1327 3190; baseline -0.001 -11"><span class='ocrx_word' id='word_1_130' title='bbox 378 3106 508 3179; x_wconf 89' lang='lat' dir='ltr'><strong>Scotos</strong></span> <span class='ocrx_word' id='word_1_131' title='bbox 530 3104 703 3176; x_wconf 82' lang='lat' dir='ltr'><strong>continue</strong></span> <span class='ocrx_word' id='word_1_132' title='bbox 724 3113 946 3190; x_wconf 85' lang='lat' dir='ltr'><strong>remanente,</strong></span> <span class='ocrx_word' id='word_1_133' title='bbox 964 3105 1207 3178; x_wconf 87' lang='lat' dir='ltr'><strong>mediantibus</strong></span> <span class='ocrx_word' id='word_1_134' title='bbox 1233 3129 1327 3179; x_wconf 93' lang='lat' dir='ltr'><strong>nun-</strong></span> 
     </span>
     <span class='ocr_line' id='line_1_23' title="bbox 376 3219 1326 3320; baseline 0.001 -25"><span class='ocrx_word' id='word_1_135' title='bbox 376 3222 438 3295; x_wconf 91' lang='lat' dir='ltr'><strong>tiis</strong></span> <span class='ocrx_word' id='word_1_136' title='bbox 460 3245 563 3317; x_wconf 86' lang='lat' dir='ltr'><strong>papae</strong></span> <span class='ocrx_word' id='word_1_137' title='bbox 588 3228 624 3292; x_wconf 93' lang='lat' dir='ltr'><strong>et</strong></span> <span class='ocrx_word' id='word_1_138' title='bbox 643 3219 878 3307; x_wconf 90' lang='lat' dir='ltr'><strong>Francorum,</strong></span> <span class='ocrx_word' id='word_1_139' title='bbox 897 3221 1005 3293; x_wconf 90' lang='lat' dir='ltr'><strong>multi</strong></span> <span class='ocrx_word' id='word_1_140' title='bbox 1028 3230 1204 3296; x_wconf 89' lang='lat' dir='ltr'><strong>tractatus</strong></span> <span class='ocrx_word' id='word_1_141' title='bbox 1227 3224 1326 3320; x_wconf 88' lang='lat' dir='ltr'><strong>pacis</strong></span> 
     </span>
     <span class='ocr_line' id='line_1_24' title="bbox 375 3335 1327 3435; baseline 0.002 -25"><span class='ocrx_word' id='word_1_142' title='bbox 375 3337 524 3410; x_wconf 90' lang='lat' dir='ltr'><strong>inutiles</strong></span> <span class='ocrx_word' id='word_1_143' title='bbox 538 3335 790 3423; x_wconf 77' lang='lat' dir='ltr'><strong>habebantur,</strong></span> <span class='ocrx_word' id='word_1_144' title='bbox 819 3345 856 3409; x_wconf 89' lang='lat' dir='ltr'><strong>et</strong></span> <span class='ocrx_word' id='word_1_145' title='bbox 885 3337 1010 3410; x_wconf 87' lang='lat' dir='ltr'><strong>multae</strong></span> <span class='ocrx_word' id='word_1_146' title='bbox 1037 3346 1172 3435; x_wconf 83' lang='lat' dir='ltr'><strong>treugae</strong></span> <span class='ocrx_word' id='word_1_147' title='bbox 1199 3338 1245 3412; x_wconf 92' lang='lat' dir='ltr'><strong>ad</strong></span> <span class='ocrx_word' id='word_1_148' title='bbox 1272 3339 1327 3412; x_wconf 93' lang='lat' dir='ltr'><strong>in-</strong></span> 
     </span>
     <span class='ocr_line' id='line_1_25' title="bbox 376 3451 1328 3552; baseline 0 -23"><span class='ocrx_word' id='word_1_149' title='bbox 376 3455 549 3529; x_wconf 88' lang='lat' dir='ltr'><strong>stantiam</strong></span> <span class='ocrx_word' id='word_1_150' title='bbox 588 3451 783 3528; x_wconf 86' lang='lat' dir='ltr'><strong>Scotorum</strong></span> <span class='ocrx_word' id='word_1_151' title='bbox 825 3454 976 3527; x_wconf 89' lang='lat' dir='ltr'><strong>subdole</strong></span> <span class='ocrx_word' id='word_1_152' title='bbox 1019 3457 1203 3552; x_wconf 88' lang='lat' dir='ltr'><strong>agentium</strong></span> <span class='ocrx_word' id='word_1_153' title='bbox 1241 3479 1328 3529; x_wconf 92' lang='lat' dir='ltr'><strong>con-</strong></span> 
     </span>
     <span class='ocr_line' id='line_1_26' title="bbox 368 3571 1325 3668; baseline 0 -22"><span class='ocrx_word' id='word_1_154' title='bbox 368 3596 484 3646; x_wconf 85' lang='lat' dir='ltr'><strong>cessae</strong></span> <span class='ocrx_word' id='word_1_155' title='bbox 509 3572 668 3657; x_wconf 89' lang='lat' dir='ltr'><strong>fuerunt,</strong></span> <span class='ocrx_word' id='word_1_156' title='bbox 690 3571 753 3644; x_wconf 91' lang='lat' dir='ltr'><strong>sed</strong></span> <span class='ocrx_word' id='word_1_157' title='bbox 776 3571 867 3645; x_wconf 91' lang='lat' dir='ltr'><strong>nihil</strong></span> <span class='ocrx_word' id='word_1_158' title='bbox 889 3572 1082 3646; x_wconf 89' lang='lat' dir='ltr'><strong>efficaciter</strong></span> <span class='ocrx_word' id='word_1_159' title='bbox 1104 3573 1325 3668; x_wconf 87' lang='lat' dir='ltr'><strong>expeditum,</strong></span> 
     </span>
     <span class='ocr_line' id='line_1_27' title="bbox 333 3688 1326 3788; baseline 0.003 -28"><span class='ocrx_word' id='word_1_160' title='bbox 333 3781 336 3788; x_wconf 15' lang='grc' dir='ltr'><em>ι</em></span> <span class='ocrx_word' id='word_1_161' title='bbox 376 3689 461 3786; x_wconf 89' lang='lat' dir='ltr'><strong>quia</strong></span> <span class='ocrx_word' id='word_1_162' title='bbox 492 3689 629 3785; x_wconf 82' lang='lat' dir='ltr'><strong>treugis</strong></span> <span class='ocrx_word' id='word_1_163' title='bbox 664 3690 949 3785; x_wconf 84' lang='lat' dir='ltr'><strong>praecedentibus</strong></span> <span class='ocrx_word' id='word_1_164' title='bbox 979 3688 1238 3762; x_wconf 87' lang='lat' dir='ltr'><strong>interfecerunt</strong></span> <span class='ocrx_word' id='word_1_165' title='bbox 1267 3713 1326 3763; x_wconf 92' lang='lat' dir='ltr'><strong>oo-</strong></span> 
     </span>
    </p>
   </div>
   <div class='ocr_carea' id='block_1_3' title="bbox 262 3803 1327 3902">
    <p class='ocr_par' dir='ltr' id='par_1_4' title="bbox 262 3803 1327 3902">
     <span class='ocr_line' id='line_1_28' title="bbox 262 3803 1327 3902; baseline -0.002 -21"><span class='ocrx_word' id='word_1_166' title='bbox 262 3875 276 3895; x_wconf 63' lang='lat'><em>„</em></span> <span class='ocrx_word' id='word_1_167' title='bbox 375 3807 501 3879; x_wconf 91' lang='lat' dir='ltr'><strong>mitem</strong></span> <span class='ocrx_word' id='word_1_168' title='bbox 524 3803 745 3894; x_wconf 67' lang='lat' dir='ltr'><strong>Dasceteles</strong></span> <span class='ocrx_word' id='word_1_169' title='bbox 764 3806 859 3880; x_wconf 87' lang='lat' dir='ltr'><strong>sicut</strong></span> <span class='ocrx_word' id='word_1_170' title='bbox 882 3829 992 3902; x_wconf 89' lang='lat' dir='ltr'><strong>supra</strong></span> <span class='ocrx_word' id='word_1_171' title='bbox 1014 3803 1181 3899; x_wconf 86' lang='lat' dir='ltr'><strong>proximo</strong></span> <span class='ocrx_word' id='word_1_172' title='bbox 1204 3806 1327 3879; x_wconf 92' lang='lat' dir='ltr'><strong>annali</strong></span> 
     </span>
    </p>
   </div>
   <div class='ocr_carea' id='block_1_4' title="bbox 374 3934 1324 4137">
    <p class='ocr_par' dir='ltr' id='par_1_5' title="bbox 374 3934 1324 4137">
     <span class='ocr_line' id='line_1_29' title="bbox 374 3934 671 4020; baseline -0.013 -23"><span class='ocrx_word' id='word_1_173' title='bbox 374 3934 431 3997; x_wconf 90' lang='lat' dir='ltr'><strong>est</strong></span> <span class='ocrx_word' id='word_1_174' title='bbox 448 3947 671 4020; x_wconf 83' lang='lat' dir='ltr'><strong>expressum.</strong></span> 
     </span>
     <span class='ocr_line' id='line_1_30' title="bbox 426 4034 1324 4137; baseline -0.007 -21"><span class='ocrx_word' id='word_1_175' title='bbox 426 4041 510 4115; x_wconf 91' lang='lat' dir='ltr'><strong>Hoc</strong></span> <span class='ocrx_word' id='word_1_176' title='bbox 534 4065 629 4114; x_wconf 91' lang='lat' dir='ltr'><strong>anno</strong></span> <span class='ocrx_word' id='word_1_177' title='bbox 652 4037 778 4110; x_wconf 92' lang='lat' dir='ltr'><strong>habuit</strong></span> <span class='ocrx_word' id='word_1_178' title='bbox 801 4061 865 4110; x_wconf 89' lang='lat' dir='ltr'><strong>rex</strong></span> <span class='ocrx_word' id='word_1_179' title='bbox 888 4034 1067 4108; x_wconf 89' lang='lat' dir='ltr'><strong>decimam</strong></span> <span class='ocrx_word' id='word_1_180' title='bbox 1089 4058 1111 4107; x_wconf 86' lang='lat' dir='ltr'><strong>a</strong></span> <span class='ocrx_word' id='word_1_181' title='bbox 1136 4035 1324 4137; x_wconf 87' lang='lat' dir='ltr'><strong>burgensi-</strong></span> 
     </span>
    </p>
   </div>
   <div class='ocr_carea' id='block_1_5' title="bbox 373 4152 1325 4370">
    <p class='ocr_par' dir='ltr' id='par_1_6' title="bbox 373 4152 1325 4370">
     <span class='ocr_line' id='line_1_31' title="bbox 373 4152 1323 4257; baseline -0.005 -23"><span class='ocrx_word' id='word_1_182' title='bbox 373 4162 454 4247; x_wconf 89' lang='lat' dir='ltr'><strong>bus,</strong></span> <span class='ocrx_word' id='word_1_183' title='bbox 470 4157 737 4257; x_wconf 88' lang='lat' dir='ltr'><strong>quindecimam</strong></span> <span class='ocrx_word' id='word_1_184' title='bbox 754 4154 799 4226; x_wconf 95' lang='lat' dir='ltr'><strong>ab</strong></span> <span class='ocrx_word' id='word_1_185' title='bbox 817 4153 908 4241; x_wconf 87' lang='lat' dir='ltr'><strong>aliis,</strong></span> <span class='ocrx_word' id='word_1_186' title='bbox 926 4161 964 4226; x_wconf 89' lang='lat' dir='ltr'><strong>et</strong></span> <span class='ocrx_word' id='word_1_187' title='bbox 981 4152 1159 4229; x_wconf 90' lang='lat' dir='ltr'><strong>decimam</strong></span> <span class='ocrx_word' id='word_1_188' title='bbox 1176 4179 1198 4228; x_wconf 89' lang='lat' dir='ltr'><strong>a</strong></span> <span class='ocrx_word' id='word_1_189' title='bbox 1214 4157 1323 4244; x_wconf 90' lang='lat' dir='ltr'><strong>clero,</strong></span> 
     </span>
     <span class='ocr_line' id='line_1_32' title="bbox 374 4269 1325 4370; baseline -0.003 -20"><span class='ocrx_word' id='word_1_190' title='bbox 374 4287 411 4350; x_wconf 88' lang='lat' dir='ltr'><strong>et</strong></span> <span class='ocrx_word' id='word_1_191' title='bbox 454 4277 550 4350; x_wconf 88' lang='lat' dir='ltr'><strong>circa</strong></span> <span class='ocrx_word' id='word_1_192' title='bbox 592 4273 832 4346; x_wconf 87' lang='lat' dir='ltr'><strong>Pentecosten</strong></span> <span class='ocrx_word' id='word_1_193' title='bbox 874 4269 1002 4347; x_wconf 91' lang='lat' dir='ltr'><strong>habuit</strong></span> <span class='ocrx_word' id='word_1_194' title='bbox 1044 4273 1325 4370; x_wconf 84' lang='lat' dir='ltr'><strong>parliamentum</strong></span> 
     </span>
    </p>
   </div>
   <div class='ocr_carea' id='block_1_6' title="bbox 0 0 1564 5008">
    <p class='ocr_par' dir='ltr' id='par_1_7' title="bbox 0 0 1564 5008">
     <span class='ocr_line' id='line_1_33' title="bbox 0 0 1564 5008; baseline 0 2"><span class='ocrx_word' id='word_1_195' title='bbox 0 0 1564 5008; x_wconf 95' lang='lat' dir='ltr'><strong> </strong></span> 
     </span>
    </p>
   </div>
  </div>
 </body>
</html>
