<?xml version="1.0" encoding="UTF-8"?>
<!DOCTYPE html PUBLIC "-//W3C//DTD XHTML 1.0 Transitional//EN"
    "http://www.w3.org/TR/xhtml1/DTD/xhtml1-transitional.dtd">
<html xmlns="http://www.w3.org/1999/xhtml" xml:lang="en" lang="en">
 <head>
  <title>
</title>
<meta http-equiv="Content-Type" content="text/html;charset=utf-8" />
  <meta name='ocr-system' content='tesseract 3.04.00' />
  <meta name='ocr-capabilities' content='ocr_page ocr_carea ocr_par ocr_line ocrx_word'/>
</head>
<body>
  <div class='ocr_page' id='page_1' title='image "./galfridilebaker00gilegoog_0023.png"; bbox 0 0 3136 5016; ppageno 0'>
   <div class='ocr_carea' id='block_1_1' title="bbox 463 629 1199 726">
    <p class='ocr_par' dir='ltr' id='par_1_1' title="bbox 463 629 1199 726">
     <span class='ocr_line' id='line_1_1' title="bbox 463 629 1199 726; baseline 0.012 -11"><span class='ocrx_word' id='word_1_1' title='bbox 463 669 507 715; x_wconf 79' lang='lat' dir='ltr'><strong>uu</strong></span> <span class='ocrx_word' id='word_1_2' title='bbox 529 669 655 716; x_wconf 70' lang='lat' dir='ltr'><strong>sanun</strong></span> <span class='ocrx_word' id='word_1_3' title='bbox 675 669 721 715; x_wconf 86' lang='lat' dir='ltr'><strong>nu</strong></span> <span class='ocrx_word' id='word_1_4' title='bbox 742 669 981 718; x_wconf 79' lang='lat' dir='ltr'><strong>swinsnouu.</strong></span> <span class='ocrx_word' id='word_1_5' title='bbox 1149 629 1199 726; x_wconf 81' lang='grc' dir='ltr'><strong>Ι19</strong></span> 
     </span>
    </p>
   </div>
   <div class='ocr_carea' id='block_1_2' title="bbox 178 792 1199 4264">
    <p class='ocr_par' dir='ltr' id='par_1_2' title="bbox 245 792 1199 1238">
     <span class='ocr_line' id='line_1_2' title="bbox 245 792 1198 887; baseline 0.008 -24"><span class='ocrx_word' id='word_1_6' title='bbox 245 792 455 887; x_wconf 81' lang='lat' dir='ltr'><strong>voluptatis,</strong></span> <span class='ocrx_word' id='word_1_7' title='bbox 479 801 515 864; x_wconf 87' lang='lat' dir='ltr'><strong>et</strong></span> <span class='ocrx_word' id='word_1_8' title='bbox 541 817 586 865; x_wconf 91' lang='lat' dir='ltr'><strong>ne</strong></span> <span class='ocrx_word' id='word_1_9' title='bbox 612 794 731 866; x_wconf 90' lang='lat' dir='ltr'><strong>minor</strong></span> <span class='ocrx_word' id='word_1_10' title='bbox 757 804 851 868; x_wconf 77' lang='lat' dir='ltr'><strong>esset</strong></span> <span class='ocrx_word' id='word_1_11' title='bbox 876 794 1028 868; x_wconf 81' lang='lat' dir='ltr'><strong>felicitas</strong></span> <span class='ocrx_word' id='word_1_12' title='bbox 1055 795 1086 868; x_wconf 84' lang='lat' dir='ltr'><strong>si</strong></span> <span class='ocrx_word' id='word_1_13' title='bbox 1112 819 1198 870; x_wconf 88' lang='lat' dir='ltr'><strong>con·</strong></span> 
     </span>
     <span class='ocr_line' id='line_1_3' title="bbox 247 910 1199 1008; baseline 0.009 -29"><span class='ocrx_word' id='word_1_14' title='bbox 247 916 344 980; x_wconf 81' lang='lat' dir='ltr'><strong>sorte</strong></span> <span class='ocrx_word' id='word_1_15' title='bbox 362 917 509 995; x_wconf 83' lang='lat' dir='ltr'>careret,</span> <span class='ocrx_word' id='word_1_16' title='bbox 529 910 614 1005; x_wconf 92' lang='lat' dir='ltr'><strong>quia</strong></span> <span class='ocrx_word' id='word_1_17' title='bbox 631 910 707 982; x_wconf 91' lang='lat' dir='ltr'><strong>sine</strong></span> <span class='ocrx_word' id='word_1_18' title='bbox 725 911 823 983; x_wconf 89' lang='lat' dir='ltr'><strong>socio</strong></span> <span class='ocrx_word' id='word_1_19' title='bbox 841 911 942 985; x_wconf 94' lang='lat' dir='ltr'><strong>nulla</strong></span> <span class='ocrx_word' id='word_1_20' title='bbox 962 921 1016 984; x_wconf 89' lang='lat' dir='ltr'><strong>est</strong></span> <span class='ocrx_word' id='word_1_21' title='bbox 1036 914 1199 1008; x_wconf 89' lang='lat' dir='ltr'><strong>jucunda</strong></span> 
     </span>
     <span class='ocr_line' id='line_1_4' title="bbox 246 1025 1197 1120; baseline 0.007 -23"><span class='ocrx_word' id='word_1_22' title='bbox 246 1027 438 1120; x_wconf 90' lang='lat' dir='ltr'><strong>possessio,</strong></span> <span class='ocrx_word' id='word_1_23' title='bbox 457 1025 543 1098; x_wconf 82' lang='lat' dir='ltr'><strong>fecit</strong></span> <span class='ocrx_word' id='word_1_24' title='bbox 569 1026 684 1099; x_wconf 85' lang='lat' dir='ltr'><strong>Evam</strong></span> <span class='ocrx_word' id='word_1_25' title='bbox 710 1029 754 1100; x_wconf 92' lang='lat' dir='ltr'><strong>de</strong></span> <span class='ocrx_word' id='word_1_26' title='bbox 780 1035 881 1101; x_wconf 88' lang='lat' dir='ltr'><strong>costa</strong></span> <span class='ocrx_word' id='word_1_27' title='bbox 898 1028 989 1102; x_wconf 86' lang='lat' dir='ltr'><strong>Adae</strong></span> <span class='ocrx_word' id='word_1_28' title='bbox 1016 1030 1197 1106; x_wconf 88' lang='lat' dir='ltr'><strong>dormien-</strong></span> 
     </span>
     <span class='ocr_line' id='line_1_5' title="bbox 245 1141 998 1238; baseline 0.004 -25"><span class='ocrx_word' id='word_1_29' title='bbox 245 1141 305 1227; x_wconf 88' lang='lat' dir='ltr'><strong>tis,</strong></span> <span class='ocrx_word' id='word_1_30' title='bbox 323 1149 366 1214; x_wconf 91' lang='lat' dir='ltr'><strong>ut</strong></span> <span class='ocrx_word' id='word_1_31' title='bbox 383 1151 477 1215; x_wconf 90' lang='lat' dir='ltr'><strong>esset</strong></span> <span class='ocrx_word' id='word_1_32' title='bbox 496 1142 529 1214; x_wconf 89' lang='lat' dir='ltr'><strong>ei</strong></span> <span class='ocrx_word' id='word_1_33' title='bbox 547 1143 768 1238; x_wconf 87' lang='lat' dir='ltr'><strong>adjutorium</strong></span> <span class='ocrx_word' id='word_1_34' title='bbox 786 1144 902 1217; x_wconf 89' lang='lat' dir='ltr'><strong>simile</strong></span> <span class='ocrx_word' id='word_1_35' title='bbox 920 1145 998 1218; x_wconf 91' lang='lat' dir='ltr'><strong>sibi.</strong></span> 
     </span>
    </p>

    <p class='ocr_par' dir='ltr' id='par_1_3' title="bbox 178 1257 1198 4264">
     <span class='ocr_line' id='line_1_6' title="bbox 297 1257 1198 1352; baseline 0.009 -24"><span class='ocrx_word' id='word_1_36' title='bbox 297 1257 469 1330; x_wconf 87' lang='lat' dir='ltr'><strong>Seculum</strong></span> <span class='ocrx_word' id='word_1_37' title='bbox 513 1259 803 1352; x_wconf 82' lang='lat' dir='ltr'><strong>generationibus</strong></span> <span class='ocrx_word' id='word_1_38' title='bbox 837 1270 874 1333; x_wconf 90' lang='lat' dir='ltr'><strong>et</strong></span> <span class='ocrx_word' id='word_1_39' title='bbox 908 1263 1198 1337; x_wconf 77' lang='lat' dir='ltr'><strong>successionibus</strong></span> 
     </span>
     <span class='ocr_line' id='line_1_7' title="bbox 244 1373 1196 1471; baseline 0.006 -26"><span class='ocrx_word' id='word_1_40' title='bbox 244 1380 400 1458; x_wconf 90' lang='lat' dir='ltr'><strong>constat,</strong></span> <span class='ocrx_word' id='word_1_41' title='bbox 424 1373 677 1445; x_wconf 89' lang='lat' dir='ltr'><strong>diciturenim</strong></span> <span class='ocrx_word' id='word_1_42' title='bbox 701 1376 865 1446; x_wconf 89' lang='lat' dir='ltr'><strong>seculum</strong></span> <span class='ocrx_word' id='word_1_43' title='bbox 887 1400 930 1447; x_wconf 90' lang='lat' dir='ltr'><strong>eo</strong></span> <span class='ocrx_word' id='word_1_44' title='bbox 954 1378 1052 1471; x_wconf 92' lang='lat' dir='ltr'><strong>quod</strong></span> <span class='ocrx_word' id='word_1_45' title='bbox 1077 1401 1115 1451; x_wconf 88' lang='lat' dir='ltr'><strong>se</strong></span> <span class='ocrx_word' id='word_1_46' title='bbox 1142 1403 1196 1451; x_wconf 85' lang='lat' dir='ltr'><strong>se-</strong></span> 
     </span>
     <span class='ocr_line' id='line_1_8' title="bbox 178 1488 1196 1585; baseline 0.003 -23"><span class='ocrx_word' id='word_1_47' title='bbox 178 1563 181 1569; x_wconf 73' lang='lat'><strong>,</strong></span> <span class='ocrx_word' id='word_1_48' title='bbox 244 1500 390 1585; x_wconf 85' lang='lat' dir='ltr'><strong>quatur,</strong></span> <span class='ocrx_word' id='word_1_49' title='bbox 418 1489 503 1584; x_wconf 88' lang='lat' dir='ltr'><strong>quia</strong></span> <span class='ocrx_word' id='word_1_50' title='bbox 529 1488 744 1561; x_wconf 86' lang='lat' dir='ltr'><strong>abeuntibus</strong></span> <span class='ocrx_word' id='word_1_51' title='bbox 770 1488 861 1576; x_wconf 90' lang='lat' dir='ltr'><strong>aliis,</strong></span> <span class='ocrx_word' id='word_1_52' title='bbox 889 1489 959 1561; x_wconf 88' lang='lat' dir='ltr'><strong>alia</strong></span> <span class='ocrx_word' id='word_1_53' title='bbox 985 1492 1196 1578; x_wconf 87' lang='lat' dir='ltr'><strong>succedunt,</strong></span> 
     </span>
     <span class='ocr_line' id='line_1_9' title="bbox 244 1604 1197 1703; baseline 0.003 -26"><span class='ocrx_word' id='word_1_54' title='bbox 244 1614 281 1677; x_wconf 86' lang='lat' dir='ltr'><strong>et</strong></span> <span class='ocrx_word' id='word_1_55' title='bbox 301 1604 383 1676; x_wconf 88' lang='lat' dir='ltr'><strong>ideo</strong></span> <span class='ocrx_word' id='word_1_56' title='bbox 403 1604 585 1699; x_wconf 90' lang='lat' dir='ltr'><strong>loquendo</strong></span> <span class='ocrx_word' id='word_1_57' title='bbox 607 1604 652 1676; x_wconf 91' lang='lat' dir='ltr'><strong>de</strong></span> <span class='ocrx_word' id='word_1_58' title='bbox 673 1605 807 1691; x_wconf 88' lang='lat' dir='ltr'><strong>secu10‚</strong></span> <span class='ocrx_word' id='word_1_59' title='bbox 826 1604 1025 1678; x_wconf 89' lang='lat' dir='ltr'><strong>videndum</strong></span> <span class='ocrx_word' id='word_1_60' title='bbox 1046 1614 1102 1679; x_wconf 90' lang='lat' dir='ltr'><strong>est</strong></span> <span class='ocrx_word' id='word_1_61' title='bbox 1123 1609 1197 1703; x_wconf 90' lang='lat' dir='ltr'><strong>pri-</strong></span> 
     </span>
     <span class='ocr_line' id='line_1_10' title="bbox 243 1715 1198 1816; baseline 0.004 -24"><span class='ocrx_word' id='word_1_62' title='bbox 243 1745 316 1806; x_wconf 91' lang='lat' dir='ltr'><strong>m0,</strong></span> <span class='ocrx_word' id='word_1_63' title='bbox 353 1729 442 1816; x_wconf 92' lang='lat' dir='ltr'><strong>quot</strong></span> <span class='ocrx_word' id='word_1_64' title='bbox 485 1729 571 1792; x_wconf 90' lang='lat' dir='ltr'><strong>sunt</strong></span> <span class='ocrx_word' id='word_1_65' title='bbox 604 1729 728 1792; x_wconf 88' lang='lat' dir='ltr'><strong>aetates</strong></span> <span class='ocrx_word' id='word_1_66' title='bbox 762 1719 875 1792; x_wconf 90' lang='lat' dir='ltr'><strong>seculi</strong></span> <span class='ocrx_word' id='word_1_67' title='bbox 909 1715 1040 1815; x_wconf 90' lang='lat' dir='ltr'><strong>quibus</strong></span> <span class='ocrx_word' id='word_1_68' title='bbox 1075 1723 1198 1796; x_wconf 86' lang='lat' dir='ltr'><strong>omnia</strong></span> 
     </span>
     <span class='ocr_line' id='line_1_11' title="bbox 243 1835 1195 1934; baseline 0.004 -26"><span class='ocrx_word' id='word_1_69' title='bbox 243 1837 364 1909; x_wconf 84' lang='lat' dir='ltr'><strong>secula</strong></span> <span class='ocrx_word' id='word_1_70' title='bbox 398 1837 681 1932; x_wconf 89' lang='lat' dir='ltr'><strong>distinguuntur.</strong></span> <span class='ocrx_word' id='word_1_71' title='bbox 740 1835 788 1909; x_wconf 84' lang='lat' dir='ltr'><strong>Et</strong></span> <span class='ocrx_word' id='word_1_72' title='bbox 823 1836 917 1909; x_wconf 90' lang='lat' dir='ltr'><strong>sicut</strong></span> <span class='ocrx_word' id='word_1_73' title='bbox 947 1835 1048 1910; x_wconf 90' lang='lat' dir='ltr'><strong>Deus</strong></span> <span class='ocrx_word' id='word_1_74' title='bbox 1077 1863 1143 1934; x_wconf 92' lang='lat' dir='ltr'><strong>per</strong></span> <span class='ocrx_word' id='word_1_75' title='bbox 1173 1839 1195 1912; x_wconf 89' lang='lat'><strong>6</strong></span> 
     </span>
     <span class='ocr_line' id='line_1_12' title="bbox 243 1952 1195 2050; baseline 0.005 -27"><span class='ocrx_word' id='word_1_76' title='bbox 243 1952 318 2024; x_wconf 88' lang='lat' dir='ltr'><strong>dies</strong></span> <span class='ocrx_word' id='word_1_77' title='bbox 336 1953 515 2027; x_wconf 89' lang='lat' dir='ltr'><strong>mundum</strong></span> <span class='ocrx_word' id='word_1_78' title='bbox 532 1952 670 2027; x_wconf 88' lang='lat' dir='ltr'><strong>creavit</strong></span> <span class='ocrx_word' id='word_1_79' title='bbox 690 1960 727 2025; x_wconf 90' lang='lat' dir='ltr'><strong>et</strong></span> <span class='ocrx_word' id='word_1_80' title='bbox 748 1952 902 2042; x_wconf 87' lang='lat' dir='ltr'><strong>ornavit,</strong></span> <span class='ocrx_word' id='word_1_81' title='bbox 921 1961 958 2026; x_wconf 88' lang='lat' dir='ltr'><strong>et</strong></span> <span class='ocrx_word' id='word_1_82' title='bbox 978 1953 1018 2026; x_wconf 92' lang='lat' dir='ltr'><strong>in</strong></span> <span class='ocrx_word' id='word_1_83' title='bbox 1040 1955 1195 2050; x_wconf 91' lang='lat' dir='ltr'><strong>septimo</strong></span> 
     </span>
     <span class='ocr_line' id='line_1_13' title="bbox 242 2067 1195 2165; baseline 0.005 -27"><span class='ocrx_word' id='word_1_84' title='bbox 242 2067 431 2163; x_wconf 86' lang='lat' dir='ltr'><strong>requievit,</strong></span> <span class='ocrx_word' id='word_1_85' title='bbox 456 2069 507 2140; x_wconf 89' lang='lat' dir='ltr'><strong>ita</strong></span> <span class='ocrx_word' id='word_1_86' title='bbox 531 2069 697 2142; x_wconf 89' lang='lat' dir='ltr'><strong>seculum</strong></span> <span class='ocrx_word' id='word_1_87' title='bbox 721 2092 788 2164; x_wconf 90' lang='lat' dir='ltr'><strong>per</strong></span> <span class='ocrx_word' id='word_1_88' title='bbox 811 2067 833 2140; x_wconf 92' lang='lat'>6</span> <span class='ocrx_word' id='word_1_89' title='bbox 857 2075 980 2142; x_wconf 86' lang='lat' dir='ltr'><strong>aetates</strong></span> <span class='ocrx_word' id='word_1_90' title='bbox 1005 2070 1195 2165; x_wconf 88' lang='lat' dir='ltr'><strong>distingui-</strong></span> 
     </span>
     <span class='ocr_line' id='line_1_14' title="bbox 241 2187 1193 2286; baseline 0.003 -25"><span class='ocrx_word' id='word_1_91' title='bbox 241 2197 313 2277; x_wconf 92' lang='lat' dir='ltr'><strong>tur,</strong></span> <span class='ocrx_word' id='word_1_92' title='bbox 331 2199 369 2261; x_wconf 91' lang='lat' dir='ltr'><strong>et</strong></span> <span class='ocrx_word' id='word_1_93' title='bbox 391 2191 430 2262; x_wconf 94' lang='lat' dir='ltr'><strong>in</strong></span> <span class='ocrx_word' id='word_1_94' title='bbox 454 2191 619 2286; x_wconf 89' lang='lat' dir='ltr'><strong>septima,</strong></span> <span class='ocrx_word' id='word_1_95' title='bbox 638 2189 807 2262; x_wconf 90' lang='lat' dir='ltr'><strong>videlicet</strong></span> <span class='ocrx_word' id='word_1_96' title='bbox 822 2199 908 2286; x_wconf 92' lang='lat' dir='ltr'><strong>post</strong></span> <span class='ocrx_word' id='word_1_97' title='bbox 925 2190 1036 2263; x_wconf 89' lang='lat' dir='ltr'><strong>finem</strong></span> <span class='ocrx_word' id='word_1_98' title='bbox 1053 2187 1193 2280; x_wconf 90' lang='lat' dir='ltr'><strong>mundi,</strong></span> 
     </span>
     <span class='ocr_line' id='line_1_15' title="bbox 241 2305 1195 2404; baseline 0.004 -28"><span class='ocrx_word' id='word_1_99' title='bbox 241 2305 310 2377; x_wconf 88' lang='lat' dir='ltr'><strong>erit</strong></span> <span class='ocrx_word' id='word_1_100' title='bbox 333 2305 442 2400; x_wconf 88' lang='lat' dir='ltr'><strong>justis</strong></span> <span class='ocrx_word' id='word_1_101' title='bbox 466 2306 568 2403; x_wconf 87' lang='lat' dir='ltr'><strong>quies</strong></span> <span class='ocrx_word' id='word_1_102' title='bbox 594 2316 631 2379; x_wconf 88' lang='lat' dir='ltr'><strong>et</strong></span> <span class='ocrx_word' id='word_1_103' title='bbox 657 2305 781 2401; x_wconf 90' lang='lat' dir='ltr'><strong>gloria,</strong></span> <span class='ocrx_word' id='word_1_104' title='bbox 805 2305 949 2400; x_wconf 85' lang='lat' dir='ltr'><strong>injustis</strong></span> <span class='ocrx_word' id='word_1_105' title='bbox 971 2331 1058 2380; x_wconf 86' lang='lat' dir='ltr'><strong>vero</strong></span> <span class='ocrx_word' id='word_1_106' title='bbox 1084 2331 1195 2404; x_wconf 87' lang='lat' dir='ltr'><strong>poena</strong></span> 
     </span>
     <span class='ocr_line' id='line_1_16' title="bbox 237 2422 1195 2519; baseline 0.005 -26"><span class='ocrx_word' id='word_1_107' title='bbox 237 2426 384 2494; x_wconf 81' lang='lat' dir='ltr'><strong>aeterna.</strong></span> <span class='ocrx_word' id='word_1_108' title='bbox 447 2422 504 2494; x_wconf 95' lang='lat' dir='ltr'><strong>De</strong></span> <span class='ocrx_word' id='word_1_109' title='bbox 537 2446 690 2495; x_wconf 89' lang='lat' dir='ltr'><strong>numero</strong></span> <span class='ocrx_word' id='word_1_110' title='bbox 725 2431 848 2495; x_wconf 89' lang='lat' dir='ltr'><strong>autem</strong></span> <span class='ocrx_word' id='word_1_111' title='bbox 881 2431 1043 2508; x_wconf 84' lang='lat' dir='ltr'><strong>aetatum,</strong></span> <span class='ocrx_word' id='word_1_112' title='bbox 1077 2425 1195 2519; x_wconf 88' lang='lat' dir='ltr'><strong>prima</strong></span> 
     </span>
     <span class='ocr_line' id='line_1_17' title="bbox 241 2536 1196 2634; baseline 0.003 -26"><span class='ocrx_word' id='word_1_113' title='bbox 241 2536 370 2633; x_wconf 90' lang='lat' dir='ltr'><strong>incipit</strong></span> <span class='ocrx_word' id='word_1_114' title='bbox 397 2538 442 2609; x_wconf 90' lang='lat' dir='ltr'><strong>ab</strong></span> <span class='ocrx_word' id='word_1_115' title='bbox 470 2536 610 2632; x_wconf 84' lang='lat' dir='ltr'><strong>origine</strong></span> <span class='ocrx_word' id='word_1_116' title='bbox 637 2537 776 2623; x_wconf 89' lang='lat' dir='ltr'><strong>mundi,</strong></span> <span class='ocrx_word' id='word_1_117' title='bbox 805 2543 842 2609; x_wconf 90' lang='lat' dir='ltr'><strong>et</strong></span> <span class='ocrx_word' id='word_1_118' title='bbox 869 2537 975 2609; x_wconf 90' lang='lat' dir='ltr'><strong>durat</strong></span> <span class='ocrx_word' id='word_1_119' title='bbox 1003 2559 1119 2634; x_wconf 87' lang='lat' dir='ltr'><strong>usque</strong></span> <span class='ocrx_word' id='word_1_120' title='bbox 1150 2541 1196 2612; x_wconf 87' lang='lat' dir='ltr'><strong>ad</strong></span> 
     </span>
     <span class='ocr_line' id='line_1_18' title="bbox 240 2651 1196 2754; baseline 0.004 -32"><span class='ocrx_word' id='word_1_121' title='bbox 240 2651 324 2723; x_wconf 92' lang='lat' dir='ltr'><strong>Noe</strong></span> <span class='ocrx_word' id='word_1_122' title='bbox 350 2651 539 2754; x_wconf 82' lang='lat' dir='ltr'><strong>inclusive,</strong></span> <span class='ocrx_word' id='word_1_123' title='bbox 567 2652 758 2724; x_wconf 90' lang='lat' dir='ltr'><strong>continens</strong></span> <span class='ocrx_word' id='word_1_124' title='bbox 785 2651 985 2723; x_wconf 90' lang='lat' dir='ltr'><strong>secundum</strong></span> <span class='ocrx_word' id='word_1_125' title='bbox 1013 2652 1196 2726; x_wconf 90' lang='lat' dir='ltr'><strong>Isidorum</strong></span> 
     </span>
     <span class='ocr_line' id='line_1_19' title="bbox 241 2769 1196 2866; baseline -0.001 -22"><span class='ocrx_word' id='word_1_126' title='bbox 241 2772 367 2844; x_wconf 88' lang='lat' dir='ltr'><strong>decem</strong></span> <span class='ocrx_word' id='word_1_127' title='bbox 384 2770 647 2866; x_wconf 85' lang='lat' dir='ltr'><strong>generationes,</strong></span> <span class='ocrx_word' id='word_1_128' title='bbox 666 2779 703 2842; x_wconf 91' lang='lat' dir='ltr'><strong>et</strong></span> <span class='ocrx_word' id='word_1_129' title='bbox 725 2791 839 2841; x_wconf 89' lang='lat' dir='ltr'><strong>annos</strong></span> <span class='ocrx_word' id='word_1_130' title='bbox 863 2771 973 2842; x_wconf 84' lang='lat'><strong><em>2254.</em></strong></span> <span class='ocrx_word' id='word_1_131' title='bbox 1029 2769 1196 2844; x_wconf 86' lang='lat' dir='ltr'><strong>Secunda</strong></span> 
     </span>
     <span class='ocr_line' id='line_1_20' title="bbox 240 2873 1195 2982; baseline 0.001 -23"><span class='ocrx_word' id='word_1_132' title='bbox 240 2873 327 2959; x_wconf 87' lang='lat' dir='ltr'><strong>aetas</strong></span> <span class='ocrx_word' id='word_1_133' title='bbox 345 2887 473 2982; x_wconf 88' lang='lat' dir='ltr'><strong>incipit</strong></span> <span class='ocrx_word' id='word_1_134' title='bbox 491 2910 512 2959; x_wconf 86' lang='lat' dir='ltr'><strong>a</strong></span> <span class='ocrx_word' id='word_1_135' title='bbox 529 2885 611 2958; x_wconf 89' lang='lat' dir='ltr'><strong>Noe</strong></span> <span class='ocrx_word' id='word_1_136' title='bbox 628 2892 665 2957; x_wconf 91' lang='lat' dir='ltr'><strong>et</strong></span> <span class='ocrx_word' id='word_1_137' title='bbox 682 2886 789 2974; x_wconf 91' lang='lat' dir='ltr'><strong>durat</strong></span> <span class='ocrx_word' id='word_1_138' title='bbox 807 2908 922 2980; x_wconf 89' lang='lat' dir='ltr'><strong>usque</strong></span> <span class='ocrx_word' id='word_1_139' title='bbox 946 2886 991 2958; x_wconf 88' lang='lat' dir='ltr'><strong>ad</strong></span> <span class='ocrx_word' id='word_1_140' title='bbox 1008 2885 1195 2960; x_wconf 86' lang='lat' dir='ltr'><strong>Abraham</strong></span> 
     </span>
     <span class='ocr_line' id='line_1_21' title="bbox 240 3000 1193 3096; baseline 0 -22"><span class='ocrx_word' id='word_1_141' title='bbox 240 3003 436 3089; x_wconf 82' lang='lat' dir='ltr'><strong>exclusive,</strong></span> <span class='ocrx_word' id='word_1_142' title='bbox 454 3011 491 3074; x_wconf 88' lang='lat' dir='ltr'><strong>et</strong></span> <span class='ocrx_word' id='word_1_143' title='bbox 515 3001 677 3075; x_wconf 90' lang='lat' dir='ltr'><strong>continet</strong></span> <span class='ocrx_word' id='word_1_144' title='bbox 696 3005 718 3076; x_wconf 89' lang='grc'><strong>9</strong></span> <span class='ocrx_word' id='word_1_145' title='bbox 738 3000 997 3096; x_wconf 69' lang='lat' dir='ltr'><strong>generationes</strong></span> <span class='ocrx_word' id='word_1_146' title='bbox 1017 3009 1054 3073; x_wconf 90' lang='lat' dir='ltr'><strong>et</strong></span> <span class='ocrx_word' id='word_1_147' title='bbox 1079 3023 1193 3075; x_wconf 89' lang='lat' dir='ltr'><strong>annos</strong></span> 
     </span>
     <span class='ocr_line' id='line_1_22' title="bbox 241 3115 1194 3213; baseline 0.001 -23"><span class='ocrx_word' id='word_1_148' title='bbox 241 3119 325 3192; x_wconf 83' lang='lat'>942.</span> <span class='ocrx_word' id='word_1_149' title='bbox 379 3119 501 3192; x_wconf 89' lang='lat' dir='ltr'><strong>Tertia</strong></span> <span class='ocrx_word' id='word_1_150' title='bbox 518 3126 606 3192; x_wconf 88' lang='lat' dir='ltr'><strong>aetas</strong></span> <span class='ocrx_word' id='word_1_151' title='bbox 623 3117 752 3213; x_wconf 89' lang='lat' dir='ltr'><strong>incipit</strong></span> <span class='ocrx_word' id='word_1_152' title='bbox 769 3119 814 3189; x_wconf 89' lang='lat' dir='ltr'><strong>ab</strong></span> <span class='ocrx_word' id='word_1_153' title='bbox 831 3115 1014 3190; x_wconf 89' lang='lat' dir='ltr'><strong>Abraham</strong></span> <span class='ocrx_word' id='word_1_154' title='bbox 1033 3126 1069 3189; x_wconf 90' lang='lat' dir='ltr'><strong>et</strong></span> <span class='ocrx_word' id='word_1_155' title='bbox 1086 3117 1194 3191; x_wconf 86' lang='lat' dir='ltr'><strong>durat</strong></span> 
     </span>
     <span class='ocr_line' id='line_1_23' title="bbox 240 3234 1193 3332; baseline 0 -25"><span class='ocrx_word' id='word_1_156' title='bbox 240 3259 355 3332; x_wconf 93' lang='lat' dir='ltr'><strong>usque</strong></span> <span class='ocrx_word' id='word_1_157' title='bbox 382 3237 428 3308; x_wconf 88' lang='lat' dir='ltr'><strong>ad</strong></span> <span class='ocrx_word' id='word_1_158' title='bbox 454 3234 586 3322; x_wconf 89' lang='lat' dir='ltr'><strong>David,</strong></span> <span class='ocrx_word' id='word_1_159' title='bbox 614 3244 650 3307; x_wconf 91' lang='lat' dir='ltr'><strong>et</strong></span> <span class='ocrx_word' id='word_1_160' title='bbox 678 3234 840 3308; x_wconf 91' lang='lat' dir='ltr'><strong>continet</strong></span> <span class='ocrx_word' id='word_1_161' title='bbox 867 3235 917 3304; x_wconf 87' lang='grc'><strong>20</strong></span> <span class='ocrx_word' id='word_1_162' title='bbox 945 3234 1193 3328; x_wconf 89' lang='lat' dir='ltr'><strong>generationes</strong></span> 
     </span>
     <span class='ocr_line' id='line_1_24' title="bbox 240 3345 1192 3439; baseline -0.001 -15"><span class='ocrx_word' id='word_1_163' title='bbox 240 3362 278 3424; x_wconf 92' lang='lat' dir='ltr'><strong>et</strong></span> <span class='ocrx_word' id='word_1_164' title='bbox 295 3353 553 3439; x_wconf 87' lang='lat' dir='ltr'><strong>successiones,</strong></span> <span class='ocrx_word' id='word_1_165' title='bbox 573 3359 609 3424; x_wconf 91' lang='lat' dir='ltr'><strong>et</strong></span> <span class='ocrx_word' id='word_1_166' title='bbox 627 3345 844 3426; x_wconf 71' lang='lat' dir='ltr'><strong>annosam.</strong></span> <span class='ocrx_word' id='word_1_167' title='bbox 874 3346 1015 3432; x_wconf 88' lang='lat' dir='ltr'><strong>Quarta</strong></span> <span class='ocrx_word' id='word_1_168' title='bbox 1032 3358 1119 3423; x_wconf 86' lang='lat' dir='ltr'><strong>aetas</strong></span> <span class='ocrx_word' id='word_1_169' title='bbox 1137 3351 1192 3423; x_wconf 91' lang='lat' dir='ltr'><strong>in-</strong></span> 
     </span>
     <span class='ocr_line' id='line_1_25' title="bbox 241 3467 1193 3564; baseline 0 -24"><span class='ocrx_word' id='word_1_170' title='bbox 241 3469 330 3564; x_wconf 89' lang='lat' dir='ltr'><strong>cipit</strong></span> <span class='ocrx_word' id='word_1_171' title='bbox 355 3493 377 3540; x_wconf 89' lang='lat' dir='ltr'><strong>a</strong></span> <span class='ocrx_word' id='word_1_172' title='bbox 403 3469 522 3541; x_wconf 84' lang='lat' dir='ltr'><strong>David</strong></span> <span class='ocrx_word' id='word_1_173' title='bbox 548 3478 585 3540; x_wconf 92' lang='lat' dir='ltr'><strong>et</strong></span> <span class='ocrx_word' id='word_1_174' title='bbox 611 3468 857 3562; x_wconf 88' lang='lat' dir='ltr'><strong>duratusque</strong></span> <span class='ocrx_word' id='word_1_175' title='bbox 885 3467 931 3539; x_wconf 91' lang='lat' dir='ltr'><strong>ad</strong></span> <span class='ocrx_word' id='word_1_176' title='bbox 959 3467 1193 3562; x_wconf 87' lang='lat' dir='ltr'><strong>transmigra·</strong></span> 
     </span>
     <span class='ocr_line' id='line_1_26' title="bbox 240 3583 1194 3682; baseline -0.003 -24"><span class='ocrx_word' id='word_1_177' title='bbox 240 3587 378 3659; x_wconf 88' lang='lat' dir='ltr'><strong>tionem</strong></span> <span class='ocrx_word' id='word_1_178' title='bbox 390 3587 489 3660; x_wconf 90' lang='lat' dir='ltr'><strong>Juda</strong></span> <span class='ocrx_word' id='word_1_179' title='bbox 505 3587 544 3659; x_wconf 93' lang='lat' dir='ltr'><strong>in</strong></span> <span class='ocrx_word' id='word_1_180' title='bbox 562 3585 798 3682; x_wconf 88' lang='lat' dir='ltr'><strong>Babylonem,</strong></span> <span class='ocrx_word' id='word_1_181' title='bbox 811 3583 1001 3656; x_wconf 90' lang='lat' dir='ltr'><strong>continens</strong></span> <span class='ocrx_word' id='word_1_182' title='bbox 1020 3586 1069 3655; x_wconf 90' lang='grc'><strong>20</strong></span> <span class='ocrx_word' id='word_1_183' title='bbox 1087 3607 1194 3678; x_wconf 88' lang='lat' dir='ltr'><strong>gene·</strong></span> 
     </span>
     <span class='ocr_line' id='line_1_27' title="bbox 240 3694 1194 3784; baseline -0.003 -11"><span class='ocrx_word' id='word_1_184' title='bbox 240 3700 399 3773; x_wconf 88' lang='lat' dir='ltr'><strong>rationes</strong></span> <span class='ocrx_word' id='word_1_185' title='bbox 417 3709 454 3772; x_wconf 92' lang='lat' dir='ltr'><strong>et</strong></span> <span class='ocrx_word' id='word_1_186' title='bbox 471 3699 729 3784; x_wconf 70' lang='lat' dir='ltr'><strong>successiones</strong></span> <span class='ocrx_word' id='word_1_187' title='bbox 749 3705 785 3769; x_wconf 89' lang='lat' dir='ltr'><strong>et</strong></span> <span class='ocrx_word' id='word_1_188' title='bbox 800 3719 917 3770; x_wconf 89' lang='lat' dir='ltr'><strong>annos</strong></span> <span class='ocrx_word' id='word_1_189' title='bbox 935 3694 1021 3771; x_wconf 90' lang='grc'><strong>477.</strong></span> <span class='ocrx_word' id='word_1_190' title='bbox 1053 3695 1194 3780; x_wconf 85' lang='lat' dir='ltr'><strong>Quinta</strong></span> 
     </span>
     <span class='ocr_line' id='line_1_28' title="bbox 241 3812 1194 3912; baseline -0.001 -24"><span class='ocrx_word' id='word_1_191' title='bbox 241 3826 327 3890; x_wconf 88' lang='lat' dir='ltr'><strong>aetas</strong></span> <span class='ocrx_word' id='word_1_192' title='bbox 361 3816 490 3912; x_wconf 91' lang='lat' dir='ltr'><strong>incipit</strong></span> <span class='ocrx_word' id='word_1_193' title='bbox 519 3839 540 3886; x_wconf 92' lang='lat' dir='ltr'><strong>a</strong></span> <span class='ocrx_word' id='word_1_194' title='bbox 569 3813 884 3909; x_wconf 83' lang='lat' dir='ltr'><strong>transmigratione</strong></span> <span class='ocrx_word' id='word_1_195' title='bbox 918 3812 1127 3909; x_wconf 86' lang='lat' dir='ltr'><strong>Babylonis,</strong></span> <span class='ocrx_word' id='word_1_196' title='bbox 1157 3823 1194 3887; x_wconf 90' lang='lat' dir='ltr'><strong>et</strong></span> 
     </span>
     <span class='ocr_line' id='line_1_29' title="bbox 242 3929 1192 4029; baseline -0.005 -23"><span class='ocrx_word' id='word_1_197' title='bbox 242 3935 347 4006; x_wconf 87' lang='lat' dir='ltr'><strong>durat</strong></span> <span class='ocrx_word' id='word_1_198' title='bbox 381 3955 498 4029; x_wconf 88' lang='lat' dir='ltr'><strong>usque</strong></span> <span class='ocrx_word' id='word_1_199' title='bbox 531 3932 576 4004; x_wconf 91' lang='lat' dir='ltr'><strong>ad</strong></span> <span class='ocrx_word' id='word_1_200' title='bbox 611 3931 808 4003; x_wconf 90' lang='lat' dir='ltr'><strong>adventum</strong></span> <span class='ocrx_word' id='word_1_201' title='bbox 837 3929 1045 4018; x_wconf 85' lang='lat' dir='ltr'><strong>Salvatoris,</strong></span> <span class='ocrx_word' id='word_1_202' title='bbox 1076 3930 1192 4002; x_wconf 90' lang='lat' dir='ltr'><strong>conti·</strong></span> 
     </span>
     <span class='ocr_line' id='line_1_30' title="bbox 241 4047 1192 4144; baseline -0.004 -24"><span class='ocrx_word' id='word_1_203' title='bbox 241 4072 331 4122; x_wconf 89' lang='lat' dir='ltr'><strong>nens</strong></span> <span class='ocrx_word' id='word_1_204' title='bbox 349 4052 398 4121; x_wconf 91' lang='grc'><strong>24</strong></span> <span class='ocrx_word' id='word_1_205' title='bbox 416 4048 664 4144; x_wconf 88' lang='lat' dir='ltr'><strong>generationes</strong></span> <span class='ocrx_word' id='word_1_206' title='bbox 687 4056 724 4119; x_wconf 92' lang='lat' dir='ltr'><strong>et</strong></span> <span class='ocrx_word' id='word_1_207' title='bbox 746 4047 1005 4132; x_wconf 88' lang='lat' dir='ltr'><strong>successiones,</strong></span> <span class='ocrx_word' id='word_1_208' title='bbox 1023 4055 1061 4118; x_wconf 90' lang='lat' dir='ltr'><strong>et</strong></span> <span class='ocrx_word' id='word_1_209' title='bbox 1077 4068 1192 4118; x_wconf 88' lang='lat' dir='ltr'><strong>annos</strong></span> 
     </span>
     <span class='ocr_line' id='line_1_31' title="bbox 244 4163 1192 4264; baseline -0.007 -26"><span class='ocrx_word' id='word_1_210' title='bbox 244 4167 328 4238; x_wconf 88' lang='grc'><strong>525.</strong></span> <span class='ocrx_word' id='word_1_211' title='bbox 381 4165 428 4238; x_wconf 88' lang='lat' dir='ltr'><strong>Et</strong></span> <span class='ocrx_word' id='word_1_212' title='bbox 452 4175 506 4238; x_wconf 90' lang='lat' dir='ltr'><strong>est</strong></span> <span class='ocrx_word' id='word_1_213' title='bbox 529 4188 672 4264; x_wconf 87' lang='lat' dir='ltr'><strong>summa</strong></span> <span class='ocrx_word' id='word_1_214' title='bbox 686 4163 967 4259; x_wconf 86' lang='lat' dir='ltr'><strong>generationum</strong></span> <span class='ocrx_word' id='word_1_215' title='bbox 990 4170 1026 4234; x_wconf 91' lang='lat' dir='ltr'><strong>et</strong></span> <span class='ocrx_word' id='word_1_216' title='bbox 1049 4182 1192 4232; x_wconf 43' lang='lat' dir='ltr'><strong>succes*</strong></span> 
     </span>
    </p>
   </div>
   <div class='ocr_carea' id='block_1_3' title="bbox 242 4276 1193 4464">
    <p class='ocr_par' dir='ltr' id='par_1_4' title="bbox 242 4276 1193 4464">
     <span class='ocr_line' id='line_1_32' title="bbox 242 4276 1193 4373; baseline -0.004 -21"><span class='ocrx_word' id='word_1_217' title='bbox 242 4281 387 4353; x_wconf 92' lang='lat' dir='ltr'><strong>sionum</strong></span> <span class='ocrx_word' id='word_1_218' title='bbox 429 4282 473 4354; x_wconf 86' lang='lat' dir='ltr'><strong>ab</strong></span> <span class='ocrx_word' id='word_1_219' title='bbox 517 4282 621 4353; x_wconf 93' lang='lat' dir='ltr'><strong>initio</strong></span> <span class='ocrx_word' id='word_1_220' title='bbox 665 4279 793 4352; x_wconf 88' lang='lat' dir='ltr'><strong>mundi</strong></span> <span class='ocrx_word' id='word_1_221' title='bbox 837 4303 952 4373; x_wconf 90' lang='lat' dir='ltr'><strong>usque</strong></span> <span class='ocrx_word' id='word_1_222' title='bbox 995 4276 1193 4348; x_wconf 87' lang='lat' dir='ltr'><strong>adventum</strong></span> 
     </span>
     <span class='ocr_line' id='line_1_33' title="bbox 689 4397 772 4464; baseline -0.012 0"><span class='ocrx_word' id='word_1_223' title='bbox 689 4397 772 4464; x_wconf 61' lang='lat' dir='ltr'><strong>132n</strong></span> 
     </span>
    </p>
   </div>
   <div class='ocr_carea' id='block_1_4' title="bbox 0 0 1572 5016">
    <p class='ocr_par' dir='ltr' id='par_1_5' title="bbox 0 0 1572 5016">
     <span class='ocr_line' id='line_1_34' title="bbox 0 0 1572 5016; baseline 0 1"><span class='ocrx_word' id='word_1_224' title='bbox 0 0 1572 5016; x_wconf 95' lang='lat' dir='ltr'><strong> </strong></span> 
     </span>
    </p>
   </div>
  </div>
 </body>
</html>
