3136 5016
274 623 488 713 aulana]
528 643 572 692 nn
592 642 719 694 11111111
739 645 786 693 nn
806 643 1045 694 swruaaorn.
1176 627 1223 696 83

274 770 319 842 de
347 771 498 844 Mortuo
528 771 631 860 mari,
660 773 723 868 qui
751 772 912 868 perfecto
941 775 1025 847 odio
1056 775 1225 848 sednon

273 888 487 986 prophetico
501 888 627 960 oderat
639 886 733 972 illos,
746 888 894 962 fuenmt
907 891 1086 963 decollati.
1119 889 1223 962 Post-

272 1026 315 1074 ea
338 1027 460 1076 comes
483 1004 721 1077 Gloucestriae
740 1001 851 1100 Hugo
874 1007 918 1078 de
940 1005 1097 1102 Spenser
1113 1007 1221 1094 filius,

272 1113 311 1185 in
322 1115 478 1188 vinculis
491 1118 635 1191 oblatus
647 1117 763 1190 oculis
779 1118 999 1191 terribilibus
1015 1119 1221 1214 indignatae,

177 1284 184 1296 ,
272 1254 347 1302 non
369 1241 560 1328 expectata
584 1233 858 1306 ratiocinatione
884 1236 1144 1331 cujuscumque
1164 1237 1222 1331 ju·

263 1348 375 1436 dieis,
399 1351 469 1423 fuit
491 1352 537 1422 ab
560 1348 687 1423 eadem
708 1351 867 1437 civitate,
893 1352 1030 1424 scilicet
1052 1352 1222 1424 Herefor-

272 1464 341 1536 diae
363 1474 513 1551 tractus,
539 1487 749 1560 suspensus,
768 1467 978 1553 decollatus
996 1475 1034 1538 et
1055 1466 1094 1537 in
1118 1489 1223 1561 quar-

272 1580 381 1652 terias
415 1581 553 1654 divisus
568 1600 585 1668 ;4
615 1581 720 1676 cujus
754 1591 865 1677 oaput
894 1582 962 1653 fuit
995 1581 1150 1654 missum
1178 1583 1224 1654 ad

173 1778 176 1783 Α
271 1705 422 1791 pontem
456 1691 667 1783 Londoniae,
703 1706 740 1769 et
773 1707 931 1794 quatuor
963 1699 1145 1794 quarteria
1179 1699 1224 1771 ad

271 1822 427 1908 quatuor
444 1814 545 1908 regni
562 1821 684 1909 partes
700 1814 848 1887 fuerunt
866 1815 1069 1888 distributa
1097 1814 1223 1887 Simon

175 1980 179 1986 .
271 1929 381 2001 etiam
404 1929 449 2001 de
471 1928 635 2024 Redinge
661 1929 730 2003 fuit
756 1931 889 2003 ibidem
916 1941 1054 2004 tractus
1080 1943 1117 2003 et
1144 1952 1223 2004 sus-

271 2067 417 2139 pensus,
437 2044 501 2118 sed
517 2046 690 2142 magister
706 2045 887 2120 Robertus
912 2048 956 2119 de
979 2047 1123 2120 Baldok
1139 2058 1223 2145 post

271 2159 404 2230 multas
428 2159 678 2246 contumeliae,
704 2159 839 2232 carceri
865 2161 1027 2257 episcopi
1051 2159 1222 2234 Herefor-

271 2274 404 2346 diensis
431 2275 500 2347 luit
527 2277 768 2371 mancipatus,
794 2277 859 2349 ubi
883 2275 993 2350 nimis
1019 2277 1223 2351 dolorosam

262 2382 344 2485 'egit
360 2392 473 2464 vitam
490 2413 607 2486 usque
627 2392 679 2464 ad*
693 2391 902 2487 proximum
919 2413 1074 2486 sequens
1090 2393 1223 2465 festum

270 2507 544 2601 purificationis
596 2506 701 2579 Tunc
727 2507 906 2602 siquidem
931 2507 1124 2602 episcopus
1147 2507 1223 2578 He·

271 2621 512 2706 refordiensis,
527 2621 646 2693 omnis
657 2621 769 2716 hujus
786 2621 873 2692 mali
891 2622 1119 2708 architector,
1138 2623 1224 2695 fecit

270 2738 394 2834 ipsum
415 2737 461 2809 ad
484 2759 522 2809 se
542 2737 740 2809 Londoniae
758 2738 902 2824 adduci,
922 2763 995 2834 quo
1013 2739 1222 2826 deductum,

270 2854 542 2928 londonienses
570 2879 644 2926 non
667 2855 745 2927 sine
768 2856 1020 2928 dissimulante
1045 2879 1222 2929 consensu

270 2971 432 3069 episcopi
453 2979 663 3067 rapuerunt,
682 2980 719 3044 et
741 2974 838 3068 apud
863 2972 1040 3069 Newgate
1064 2974 1222 3046 incarce-
1314 3047 1315 3053 ,

271 3089 454 3175 raverunt,
473 3097 674 3183 quaerentes
696 3091 924 3162 occasionem
945 3099 1071 3162 contra
1088 3090 1221 3185 ipsum,

271 3215 456 3299 tamquam
484 3205 717 3301 proditorem,
745 3215 787 3278 ut
816 3216 965 3302 possent
996 3207 1221 3294 distractum,

272 3344 561 3416 suspensumque
590 3319 746 3393 mortuis
775 3321 1024 3406 adnumerare,
1052 3323 1116 3394 sed
1143 3318 1242 3394 tan?

272 3437 355 3509 dem
372 3445 456 3532 post
474 3436 609 3509 multas
625 3435 878 3530 inquisitiones
890 3437 928 3508 in
941 3437 1023 3532 ipso
1037 3459 1112 3508 non
1125 3437 1223 3509 inve·

272 3552 413 3624 nientes
429 3553 609 3623 maculam
629 3551 856 3647 proditionis,
876 3575 943 3624 nec
961 3551 1053 3624 alius
1069 3550 1221 3638 feloniae,

271 3668 325 3740 ita
345 3667 591 3739 inhumaniter
614 3667 736 3763 ipsum
761 3675 1019 3754 tractaverunt,
1043 3669 1142 3764 quod
1163 3694 1223 3742 eo-

273 3783 355 3855 dem
372 3805 468 3854 anno
486 3781 559 3854 cito
576 3791 660 3877 post
677 3781 828 3868 Pascha,
848 3783 937 3855 obiit
960 3783 999 3854 in
1019 3785 1221 3857 tormentis.

224 3944 231 3958 ·
271 3899 381 3972 Tanti
409 3897 564 3984 sceleris,
594 3898 730 3970 scilicet
760 3899 895 3993 rapinae
924 3909 960 3970 et
985 3899 1223 3994 jugulationis

273 4012 392 4084 elerici
409 4020 517 4105 atque
534 4011 730 4083 sacerdotis
747 4010 830 4096 Dei,
847 4036 921 4083 non
939 4011 1224 4106 improbabiliter

272 4127 400 4222 aliquis
429 4127 574 4223 putabit
603 4138 790 4200 auctorem
818 4128 1049 4199 manifestum
1077 4129 1135 4197 vel
1162 4149 1222 4198 oc-

273 4244 426 4329 cultum,
444 4243 507 4338 qui
533 4244 577 4315 de
603 4243 722 4315 medio
748 4244 920 4338 luporum
946 4241 1043 4312 misit
1069 4241 1107 4312 in
1131 4240 1223 4312 ovile

722 4382 742 4426 r
761 4360 783 4427 2
