<?xml version="1.0" encoding="UTF-8"?>
<!DOCTYPE html PUBLIC "-//W3C//DTD XHTML 1.0 Transitional//EN"
    "http://www.w3.org/TR/xhtml1/DTD/xhtml1-transitional.dtd">
<html xmlns="http://www.w3.org/1999/xhtml" xml:lang="en" lang="en">
 <head>
  <title>
</title>
<meta http-equiv="Content-Type" content="text/html;charset=utf-8" />
  <meta name='ocr-system' content='tesseract 3.04.00' />
  <meta name='ocr-capabilities' content='ocr_page ocr_carea ocr_par ocr_line ocrx_word'/>
</head>
<body>
  <div class='ocr_page' id='page_1' title='image "./galfridilebaker00gilegoog_0112.png"; bbox 0 0 3118 5008; ppageno 0'>
   <div class='ocr_carea' id='block_1_1' title="bbox 364 611 1311 702">
    <p class='ocr_par' dir='ltr' id='par_1_1' title="bbox 364 611 1311 702">
     <span class='ocr_line' id='line_1_1' title="bbox 364 611 1311 702; baseline 0.003 -20"><span class='ocrx_word' id='word_1_1' title='bbox 364 611 433 683; x_wconf 85' lang='lat'>108</span> <span class='ocrx_word' id='word_1_2' title='bbox 613 633 839 684; x_wconf 78' lang='lat' dir='ltr'>cnsosucou</span> <span class='ocrx_word' id='word_1_3' title='bbox 860 633 1042 683; x_wconf 76' lang='lat' dir='ltr'>osnrurnr</span> <span class='ocrx_word' id='word_1_4' title='bbox 1105 613 1311 702; x_wconf 76' lang='lat' dir='ltr'>[n.n.1329.</span> 
     </span>
    </p>
   </div>
   <div class='ocr_carea' id='block_1_2' title="bbox 257 757 1314 3060">
    <p class='ocr_par' dir='ltr' id='par_1_2' title="bbox 257 757 1314 3060">
     <span class='ocr_line' id='line_1_2' title="bbox 357 757 1314 854; baseline -0.002 -20"><span class='ocrx_word' id='word_1_5' title='bbox 357 757 563 834; x_wconf 77' lang='lat' dir='ltr'>troducitur</span> <span class='ocrx_word' id='word_1_6' title='bbox 592 760 631 832; x_wconf 91' lang='lat' dir='ltr'>in</span> <span class='ocrx_word' id='word_1_7' title='bbox 660 760 792 845; x_wconf 90' lang='lat' dir='ltr'>aulam,</span> <span class='ocrx_word' id='word_1_8' title='bbox 820 760 944 854; x_wconf 87' lang='lat' dir='ltr'>jussus</span> <span class='ocrx_word' id='word_1_9' title='bbox 974 761 1124 831; x_wconf 90' lang='lat' dir='ltr'>induere</span> <span class='ocrx_word' id='word_1_10' title='bbox 1149 760 1314 834; x_wconf 88' lang='lat' dir='ltr'>habitum</span> 
     </span>
     <span class='ocr_line' id='line_1_3' title="bbox 358 868 1314 972; baseline 0 -23"><span class='ocrx_word' id='word_1_11' title='bbox 358 868 567 963; x_wconf 85' lang='lat' dir='ltr'>secularem,</span> <span class='ocrx_word' id='word_1_12' title='bbox 597 900 643 949; x_wconf 91' lang='lat' dir='ltr'>ne</span> <span class='ocrx_word' id='word_1_13' title='bbox 670 876 929 972; x_wconf 84' lang='lat' dir='ltr'>perciperetur,</span> <span class='ocrx_word' id='word_1_14' title='bbox 956 875 1219 972; x_wconf 89' lang='lat' dir='ltr'>videbaturque</span> <span class='ocrx_word' id='word_1_15' title='bbox 1245 878 1314 949; x_wconf 85' lang='lat' dir='ltr'>sibi</span> 
     </span>
     <span class='ocr_line' id='line_1_4' title="bbox 357 990 1313 1088; baseline 0.002 -24"><span class='ocrx_word' id='word_1_16' title='bbox 357 994 477 1088; x_wconf 90' lang='lat' dir='ltr'>ipsum</span> <span class='ocrx_word' id='word_1_17' title='bbox 504 993 627 1064; x_wconf 86' lang='lat' dir='ltr'>videro</span> <span class='ocrx_word' id='word_1_18' title='bbox 654 990 871 1063; x_wconf 87' lang='lat' dir='ltr'>Edwardum</span> <span class='ocrx_word' id='word_1_19' title='bbox 899 1003 1038 1087; x_wconf 89' lang='lat' dir='ltr'>patrem</span> <span class='ocrx_word' id='word_1_20' title='bbox 1068 993 1173 1087; x_wconf 84' lang='lat' dir='ltr'>regis,</span> <span class='ocrx_word' id='word_1_21' title='bbox 1201 1018 1313 1066; x_wconf 87' lang='lat' dir='ltr'>coenae</span> 
     </span>
     <span class='ocr_line' id='line_1_5' title="bbox 354 1106 1311 1205; baseline 0.003 -25"><span class='ocrx_word' id='word_1_22' title='bbox 354 1106 557 1205; x_wconf 65' lang='lat' dir='ltr'>{splendidae</span> <span class='ocrx_word' id='word_1_23' title='bbox 584 1108 814 1191; x_wconf 85' lang='lat' dir='ltr'>assidentem,</span> <span class='ocrx_word' id='word_1_24' title='bbox 838 1107 898 1180; x_wconf 91' lang='lat' dir='ltr'>cui</span> <span class='ocrx_word' id='word_1_25' title='bbox 920 1116 963 1180; x_wconf 90' lang='lat' dir='ltr'>ut</span> <span class='ocrx_word' id='word_1_26' title='bbox 986 1108 1151 1194; x_wconf 87' lang='lat' dir='ltr'>credidit,</span> <span class='ocrx_word' id='word_1_27' title='bbox 1178 1109 1229 1182; x_wconf 89' lang='lat' dir='ltr'>ita</span> <span class='ocrx_word' id='word_1_28' title='bbox 1256 1133 1311 1182; x_wconf 90' lang='lat' dir='ltr'>re·</span> 
     </span>
     <span class='ocr_line' id='line_1_6' title="bbox 356 1224 1312 1311; baseline 0.001 -13"><span class='ocrx_word' id='word_1_29' title='bbox 356 1227 443 1299; x_wconf 85' lang='lat' dir='ltr'>tulit</span> <span class='ocrx_word' id='word_1_30' title='bbox 463 1227 587 1299; x_wconf 88' lang='lat' dir='ltr'>comiti</span> <span class='ocrx_word' id='word_1_31' title='bbox 611 1224 751 1298; x_wconf 85' lang='lat' dir='ltr'>Cantiae</span> <span class='ocrx_word' id='word_1_32' title='bbox 774 1249 812 1298; x_wconf 91' lang='lat' dir='ltr'>se</span> <span class='ocrx_word' id='word_1_33' title='bbox 832 1225 977 1311; x_wconf 87' lang='lat' dir='ltr'>vidisse,</span> <span class='ocrx_word' id='word_1_34' title='bbox 1002 1226 1100 1297; x_wconf 91' lang='lat' dir='ltr'>unde</span> <span class='ocrx_word' id='word_1_35' title='bbox 1126 1251 1247 1300; x_wconf 87' lang='lat' dir='ltr'>comes</span> <span class='ocrx_word' id='word_1_36' title='bbox 1273 1227 1312 1299; x_wconf 89' lang='lat' dir='ltr'>in</span> 
     </span>
     <span class='ocr_line' id='line_1_7' title="bbox 257 1331 1310 1438; baseline 0.002 -25"><span class='ocrx_word' id='word_1_37' title='bbox 257 1379 259 1384; x_wconf 34' lang='lat' dir='ltr'>v</span> <span class='ocrx_word' id='word_1_38' title='bbox 355 1335 548 1438; x_wconf 88' lang='lat' dir='ltr'>praesentia</span> <span class='ocrx_word' id='word_1_39' title='bbox 560 1331 802 1438; x_wconf 86' lang='lat' dir='ltr'>quorundam,</span> <span class='ocrx_word' id='word_1_40' title='bbox 816 1341 947 1436; x_wconf 88' lang='lat' dir='ltr'>quibus</span> <span class='ocrx_word' id='word_1_41' title='bbox 965 1333 1040 1414; x_wconf 89' lang='lat' dir='ltr'>non</span> <span class='ocrx_word' id='word_1_42' title='bbox 1059 1341 1184 1414; x_wconf 83' lang='lat' dir='ltr'>debuit</span> <span class='ocrx_word' id='word_1_43' title='bbox 1201 1343 1310 1415; x_wconf 90' lang='lat' dir='ltr'>fidem</span> 
     </span>
     <span class='ocr_line' id='line_1_8' title="bbox 356 1449 1309 1554; baseline 0.002 -24"><span class='ocrx_word' id='word_1_44' title='bbox 356 1459 574 1543; x_wconf 82' lang='lat' dir='ltr'>adhibuisse,</span> <span class='ocrx_word' id='word_1_45' title='bbox 606 1459 743 1554; x_wconf 88' lang='lat' dir='ltr'>juravit</span> <span class='ocrx_word' id='word_1_46' title='bbox 777 1482 815 1531; x_wconf 87' lang='lat' dir='ltr'>se</span> <span class='ocrx_word' id='word_1_47' title='bbox 849 1449 1099 1530; x_wconf 84' lang='lat' dir='ltr'>laboraturum</span> <span class='ocrx_word' id='word_1_48' title='bbox 1139 1459 1187 1530; x_wconf 92' lang='lat' dir='ltr'>ad</span> <span class='ocrx_word' id='word_1_49' title='bbox 1227 1459 1309 1547; x_wconf 91' lang='lat' dir='ltr'>hoc,</span> 
     </span>
     <span class='ocr_line' id='line_1_9' title="bbox 357 1573 1311 1670; baseline 0.002 -24"><span class='ocrx_word' id='word_1_50' title='bbox 357 1577 454 1670; x_wconf 90' lang='lat' dir='ltr'>quod</span> <span class='ocrx_word' id='word_1_51' title='bbox 477 1574 587 1647; x_wconf 86' lang='lat' dir='ltr'>frater</span> <span class='ocrx_word' id='word_1_52' title='bbox 610 1599 698 1648; x_wconf 90' lang='lat' dir='ltr'>suus</span> <span class='ocrx_word' id='word_1_53' title='bbox 722 1573 815 1646; x_wconf 87' lang='lat' dir='ltr'>soret</span> <span class='ocrx_word' id='word_1_54' title='bbox 838 1574 882 1646; x_wconf 94' lang='lat' dir='ltr'>de</span> <span class='ocrx_word' id='word_1_55' title='bbox 906 1574 1107 1647; x_wconf 83' lang='lat' dir='ltr'>reclusione</span> <span class='ocrx_word' id='word_1_56' title='bbox 1131 1575 1195 1648; x_wconf 94' lang='lat' dir='ltr'>ubi</span> <span class='ocrx_word' id='word_1_57' title='bbox 1221 1576 1311 1650; x_wconf 91' lang='lat' dir='ltr'>deti-</span> 
     </span>
     <span class='ocr_line' id='line_1_10' title="bbox 355 1688 1310 1788; baseline 0.003 -28"><span class='ocrx_word' id='word_1_58' title='bbox 355 1691 508 1763; x_wconf 87' lang='lat' dir='ltr'>nebatur</span> <span class='ocrx_word' id='word_1_59' title='bbox 524 1690 708 1762; x_wconf 88' lang='lat' dir='ltr'>liberatus.</span> <span class='ocrx_word' id='word_1_60' title='bbox 762 1688 901 1761; x_wconf 87' lang='lat' dir='ltr'>Eodem</span> <span class='ocrx_word' id='word_1_61' title='bbox 922 1714 1030 1776; x_wconf 90' lang='lat' dir='ltr'>anno,</span> <span class='ocrx_word' id='word_1_62' title='bbox 1050 1691 1187 1763; x_wconf 88' lang='lat' dir='ltr'>scilicet</span> <span class='ocrx_word' id='word_1_63' title='bbox 1210 1692 1310 1788; x_wconf 84' lang='lat' dir='ltr'>regni</span> 
     </span>
     <span class='ocr_line' id='line_1_11' title="bbox 354 1804 1311 1900; baseline 0.002 -24"><span class='ocrx_word' id='word_1_64' title='bbox 354 1806 448 1900; x_wconf 86' lang='lat' dir='ltr'>regis</span> <span class='ocrx_word' id='word_1_65' title='bbox 474 1805 594 1890; x_wconf 90' lang='lat' dir='ltr'>tertio,</span> <span class='ocrx_word' id='word_1_66' title='bbox 622 1804 668 1876; x_wconf 91' lang='lat' dir='ltr'>ad</span> <span class='ocrx_word' id='word_1_67' title='bbox 695 1804 906 1876; x_wconf 86' lang='lat' dir='ltr'>instantiam</span> <span class='ocrx_word' id='word_1_68' title='bbox 937 1805 1068 1900; x_wconf 84' lang='lat' dir='ltr'>reginae</span> <span class='ocrx_word' id='word_1_69' title='bbox 1099 1829 1163 1878; x_wconf 86' lang='lat' dir='ltr'>rex</span> <span class='ocrx_word' id='word_1_70' title='bbox 1180 1806 1311 1879; x_wconf 77' lang='lat' dir='ltr'>&#39;tenuit</span> 
     </span>
     <span class='ocr_line' id='line_1_12' title="bbox 353 1919 1309 2017; baseline 0.003 -25"><span class='ocrx_word' id='word_1_71' title='bbox 353 1921 632 2017; x_wconf 86' lang='lat' dir='ltr'>parliamentum</span> <span class='ocrx_word' id='word_1_72' title='bbox 668 1919 879 2008; x_wconf 80' lang='lat' dir='ltr'>wintoniae,</span> <span class='ocrx_word' id='word_1_73' title='bbox 922 1921 986 1992; x_wconf 89' lang='lat' dir='ltr'>ubi</span> <span class='ocrx_word' id='word_1_74' title='bbox 1027 1922 1309 2017; x_wconf 87' lang='lat' dir='ltr'>procurantibus</span> 
     </span>
     <span class='ocr_line' id='line_1_13' title="bbox 353 2036 1309 2135; baseline 0.003 -27"><span class='ocrx_word' id='word_1_75' title='bbox 353 2047 470 2109; x_wconf 87' lang='lat' dir='ltr'>matre</span> <span class='ocrx_word' id='word_1_76' title='bbox 492 2060 557 2109; x_wconf 91' lang='lat' dir='ltr'>sua</span> <span class='ocrx_word' id='word_1_77' title='bbox 581 2045 617 2109; x_wconf 87' lang='lat' dir='ltr'>et</span> <span class='ocrx_word' id='word_1_78' title='bbox 641 2037 785 2132; x_wconf 84' lang='lat' dir='ltr'>Rogero</span> <span class='ocrx_word' id='word_1_79' title='bbox 803 2037 848 2109; x_wconf 89' lang='lat' dir='ltr'>dc</span> <span class='ocrx_word' id='word_1_80' title='bbox 865 2036 1017 2110; x_wconf 91' lang='lat' dir='ltr'>Mortuo</span> <span class='ocrx_word' id='word_1_81' title='bbox 1035 2039 1138 2125; x_wconf 89' lang='lat' dir='ltr'>mari,</span> <span class='ocrx_word' id='word_1_82' title='bbox 1157 2039 1309 2135; x_wconf 73' lang='lat' dir='ltr'>praedic-</span> 
     </span>
     <span class='ocr_line' id='line_1_14' title="bbox 352 2151 1309 2249; baseline 0.004 -25"><span class='ocrx_word' id='word_1_83' title='bbox 352 2163 411 2225; x_wconf 90' lang='lat' dir='ltr'>tus</span> <span class='ocrx_word' id='word_1_84' title='bbox 436 2177 557 2226; x_wconf 88' lang='lat' dir='ltr'>comes</span> <span class='ocrx_word' id='word_1_85' title='bbox 581 2151 720 2226; x_wconf 84' lang='lat' dir='ltr'>Cantiae</span> <span class='ocrx_word' id='word_1_86' title='bbox 746 2162 899 2249; x_wconf 76' lang='lat' dir='ltr'>patruus</span> <span class='ocrx_word' id='word_1_87' title='bbox 922 2153 1029 2249; x_wconf 85' lang='lat' dir='ltr'>regis,</span> <span class='ocrx_word' id='word_1_88' title='bbox 1052 2163 1089 2227; x_wconf 88' lang='lat' dir='ltr'>et</span> <span class='ocrx_word' id='word_1_89' title='bbox 1114 2155 1222 2228; x_wconf 91' lang='lat' dir='ltr'>multi</span> <span class='ocrx_word' id='word_1_90' title='bbox 1247 2155 1309 2228; x_wconf 87' lang='lat' dir='ltr'>alii</span> 
     </span>
     <span class='ocr_line' id='line_1_15' title="bbox 310 2257 1308 2366; baseline 0.004 -26"><span class='ocrx_word' id='word_1_91' title='bbox 310 2349 314 2354; x_wconf 22' lang='lat'><strong>¹</strong></span> <span class='ocrx_word' id='word_1_92' title='bbox 351 2269 490 2341; x_wconf 92' lang='lat' dir='ltr'>nobiles</span> <span class='ocrx_word' id='word_1_93' title='bbox 520 2278 557 2342; x_wconf 91' lang='lat' dir='ltr'>et</span> <span class='ocrx_word' id='word_1_94' title='bbox 587 2269 745 2365; x_wconf 85' lang='lat' dir='ltr'>religiosi</span> <span class='ocrx_word' id='word_1_95' title='bbox 779 2270 860 2356; x_wconf 90' lang='lat' dir='ltr'>viri,</span> <span class='ocrx_word' id='word_1_96' title='bbox 897 2257 1034 2342; x_wconf 87' lang='lat' dir='ltr'>scilicet</span> <span class='ocrx_word' id='word_1_97' title='bbox 1068 2270 1308 2366; x_wconf 88' lang='lat' dir='ltr'>provinciales</span> 
     </span>
     <span class='ocr_line' id='line_1_16' title="bbox 352 2385 1307 2459; baseline 0.002 -3"><span class='ocrx_word' id='word_1_98' title='bbox 352 2385 522 2458; x_wconf 89' lang='lat' dir='ltr'>ordinum</span> <span class='ocrx_word' id='word_1_99' title='bbox 538 2385 819 2457; x_wconf 85' lang='lat' dir='ltr'>Praedicatorum</span> <span class='ocrx_word' id='word_1_100' title='bbox 838 2394 874 2458; x_wconf 87' lang='lat' dir='ltr'>et</span> <span class='ocrx_word' id='word_1_101' title='bbox 893 2385 1172 2458; x_wconf 86' lang='lat' dir='ltr'>Carmelitarum</span> <span class='ocrx_word' id='word_1_102' title='bbox 1194 2387 1307 2459; x_wconf 89' lang='lat' dir='ltr'>beatae</span> 
     </span>
     <span class='ocr_line' id='line_1_17' title="bbox 351 2499 1306 2588; baseline 0.002 -16"><span class='ocrx_word' id='word_1_103' title='bbox 351 2499 491 2588; x_wconf 74' lang='lat' dir='ltr'>Maria,</span> <span class='ocrx_word' id='word_1_104' title='bbox 510 2501 619 2574; x_wconf 85' lang='lat' dir='ltr'>frater</span> <span class='ocrx_word' id='word_1_105' title='bbox 637 2500 814 2572; x_wconf 87' lang='lat' dir='ltr'>Ricardus</span> <span class='ocrx_word' id='word_1_106' title='bbox 837 2501 882 2572; x_wconf 93' lang='lat' dir='ltr'>de</span> <span class='ocrx_word' id='word_1_107' title='bbox 905 2499 1064 2586; x_wconf 91' lang='lat' dir='ltr'>Blitone,</span> <span class='ocrx_word' id='word_1_108' title='bbox 1084 2500 1230 2574; x_wconf 89' lang='lat' dir='ltr'>suerunt</span> <span class='ocrx_word' id='word_1_109' title='bbox 1247 2525 1306 2574; x_wconf 88' lang='lat' dir='ltr'>ac-</span> 
     </span>
     <span class='ocr_line' id='line_1_18' title="bbox 350 2615 1305 2712; baseline -0.002 -23"><span class='ocrx_word' id='word_1_110' title='bbox 350 2618 468 2691; x_wconf 88' lang='lat' dir='ltr'>cusati</span> <span class='ocrx_word' id='word_1_111' title='bbox 493 2618 538 2690; x_wconf 90' lang='lat' dir='ltr'>de</span> <span class='ocrx_word' id='word_1_112' title='bbox 563 2641 606 2689; x_wconf 88' lang='lat' dir='ltr'>eo</span> <span class='ocrx_word' id='word_1_113' title='bbox 633 2617 731 2712; x_wconf 92' lang='lat' dir='ltr'>quod</span> <span class='ocrx_word' id='word_1_114' title='bbox 757 2615 1068 2711; x_wconf 85' lang='lat' dir='ltr'>conspiraverunt,</span> <span class='ocrx_word' id='word_1_115' title='bbox 1095 2624 1138 2688; x_wconf 91' lang='lat' dir='ltr'>ut</span> <span class='ocrx_word' id='word_1_116' title='bbox 1164 2616 1305 2689; x_wconf 89' lang='lat' dir='ltr'>diceba-</span> 
     </span>
     <span class='ocr_line' id='line_1_19' title="bbox 350 2732 1306 2830; baseline -0.002 -24"><span class='ocrx_word' id='word_1_117' title='bbox 350 2742 422 2820; x_wconf 86' lang='lat' dir='ltr'>tur,</span> <span class='ocrx_word' id='word_1_118' title='bbox 458 2734 553 2830; x_wconf 85' lang='lat' dir='ltr'>regis</span> <span class='ocrx_word' id='word_1_119' title='bbox 586 2741 725 2829; x_wconf 88' lang='lat' dir='ltr'>patrem</span> <span class='ocrx_word' id='word_1_120' title='bbox 759 2732 803 2805; x_wconf 88' lang='lat' dir='ltr'>de</span> <span class='ocrx_word' id='word_1_121' title='bbox 838 2754 979 2804; x_wconf 89' lang='lat' dir='ltr'>carcere</span> <span class='ocrx_word' id='word_1_122' title='bbox 1012 2732 1164 2804; x_wconf 90' lang='lat' dir='ltr'>liberare</span> <span class='ocrx_word' id='word_1_123' title='bbox 1194 2740 1230 2804; x_wconf 88' lang='lat' dir='ltr'>et</span> <span class='ocrx_word' id='word_1_124' title='bbox 1259 2732 1306 2804; x_wconf 85' lang='lat' dir='ltr'>ad</span> 
     </span>
     <span class='ocr_line' id='line_1_20' title="bbox 349 2845 1305 2944; baseline -0.001 -23"><span class='ocrx_word' id='word_1_125' title='bbox 349 2849 450 2944; x_wconf 83' lang='lat' dir='ltr'>regni</span> <span class='ocrx_word' id='word_1_126' title='bbox 468 2857 604 2921; x_wconf 88' lang='lat' dir='ltr'>statum</span> <span class='ocrx_word' id='word_1_127' title='bbox 622 2845 806 2933; x_wconf 85' lang='lat' dir='ltr'>reducere,</span> <span class='ocrx_word' id='word_1_128' title='bbox 830 2847 917 2920; x_wconf 86' lang='lat' dir='ltr'>licet</span> <span class='ocrx_word' id='word_1_129' title='bbox 940 2855 1059 2921; x_wconf 87' lang='lat' dir='ltr'>toturn</span> <span class='ocrx_word' id='word_1_130' title='bbox 1083 2846 1155 2918; x_wconf 89' lang='lat' dir='ltr'>hoc</span> <span class='ocrx_word' id='word_1_131' title='bbox 1177 2845 1305 2920; x_wconf 84' lang='lat' dir='ltr'>firisset</span> 
     </span>
     <span class='ocr_line' id='line_1_21' title="bbox 348 2962 1303 3060; baseline -0.003 -22"><span class='ocrx_word' id='word_1_132' title='bbox 348 2966 483 3038; x_wconf 86' lang='lat' dir='ltr'>falsum</span> <span class='ocrx_word' id='word_1_133' title='bbox 500 2974 537 3036; x_wconf 89' lang='lat' dir='ltr'>ct</span> <span class='ocrx_word' id='word_1_134' title='bbox 555 2962 835 3060; x_wconf 84' lang='lat' dir='ltr'>phantasticum.</span> <span class='ocrx_word' id='word_1_135' title='bbox 890 2963 1052 3036; x_wconf 90' lang='lat' dir='ltr'>Tantum</span> <span class='ocrx_word' id='word_1_136' title='bbox 1070 2987 1192 3036; x_wconf 90' lang='lat' dir='ltr'>comes</span> <span class='ocrx_word' id='word_1_137' title='bbox 1209 2988 1303 3059; x_wconf 87' lang='lat' dir='ltr'>prae-</span> 
     </span>
    </p>
   </div>
   <div class='ocr_carea' id='block_1_3' title="bbox 349 3073 1335 3175">
    <p class='ocr_par' dir='ltr' id='par_1_3' title="bbox 349 3073 1335 3175">
     <span class='ocr_line' id='line_1_22' title="bbox 349 3073 1335 3175; baseline -0.005 -22"><span class='ocrx_word' id='word_1_138' title='bbox 349 3081 480 3165; x_wconf 77' lang='lat' dir='ltr'>dictuS,</span> <span class='ocrx_word' id='word_1_139' title='bbox 502 3073 655 3175; x_wconf 81' lang='lat' dir='ltr'>&#39;propter</span> <span class='ocrx_word' id='word_1_140' title='bbox 683 3079 856 3173; x_wconf 90' lang='lat' dir='ltr'>quasdam</span> <span class='ocrx_word' id='word_1_141' title='bbox 883 3079 1127 3154; x_wconf 87' lang='lat' dir='ltr'>confessiones</span> <span class='ocrx_word' id='word_1_142' title='bbox 1153 3103 1236 3152; x_wconf 89' lang='lat' dir='ltr'>suas</span> <span class='ocrx_word' id='word_1_143' title='bbox 1267 3089 1304 3152; x_wconf 86' lang='lat' dir='ltr'>et</span> <span class='ocrx_word' id='word_1_144' title='bbox 1333 3141 1335 3146; x_wconf 86' lang='lat'><em>.</em></span> 
     </span>
    </p>
   </div>
   <div class='ocr_carea' id='block_1_4' title="bbox 285 3195 1302 4344">
    <p class='ocr_par' dir='ltr' id='par_1_4' title="bbox 285 3195 1302 4344">
     <span class='ocr_line' id='line_1_23' title="bbox 350 3195 1302 3293; baseline -0.001 -25"><span class='ocrx_word' id='word_1_145' title='bbox 350 3196 526 3293; x_wconf 88' lang='lat' dir='ltr'>quasdam</span> <span class='ocrx_word' id='word_1_146' title='bbox 554 3195 677 3267; x_wconf 87' lang='lat' dir='ltr'>literas</span> <span class='ocrx_word' id='word_1_147' title='bbox 707 3217 832 3267; x_wconf 90' lang='lat' dir='ltr'>secum</span> <span class='ocrx_word' id='word_1_148' title='bbox 865 3195 1043 3282; x_wconf 88' lang='lat' dir='ltr'>inventas,</span> <span class='ocrx_word' id='word_1_149' title='bbox 1074 3197 1160 3268; x_wconf 92' lang='lat' dir='ltr'>licet</span> <span class='ocrx_word' id='word_1_150' title='bbox 1193 3197 1302 3268; x_wconf 85' lang='lat' dir='ltr'>nullae</span> 
     </span>
     <span class='ocr_line' id='line_1_24' title="bbox 349 3312 1300 3388; baseline 0.002 -2"><span class='ocrx_word' id='word_1_151' title='bbox 349 3315 494 3387; x_wconf 89' lang='lat' dir='ltr'>illarum</span> <span class='ocrx_word' id='word_1_152' title='bbox 517 3312 786 3386; x_wconf 89' lang='lat' dir='ltr'>confessionum</span> <span class='ocrx_word' id='word_1_153' title='bbox 811 3338 875 3387; x_wconf 90' lang='lat' dir='ltr'>seu</span> <span class='ocrx_word' id='word_1_154' title='bbox 900 3315 1088 3388; x_wconf 87' lang='lat' dir='ltr'>literarum</span> <span class='ocrx_word' id='word_1_155' title='bbox 1115 3315 1183 3388; x_wconf 89' lang='lat' dir='ltr'>etsi</span> <span class='ocrx_word' id='word_1_156' title='bbox 1206 3339 1300 3388; x_wconf 85' lang='lat' dir='ltr'>verae</span> 
     </span>
     <span class='ocr_line' id='line_1_25' title="bbox 348 3431 1300 3530; baseline 0.001 -24"><span class='ocrx_word' id='word_1_157' title='bbox 348 3433 513 3518; x_wconf 88' lang='lat' dir='ltr'>fuissent,</span> <span class='ocrx_word' id='word_1_158' title='bbox 533 3431 742 3504; x_wconf 92' lang='lat' dir='ltr'>debuissent</span> <span class='ocrx_word' id='word_1_159' title='bbox 765 3441 906 3505; x_wconf 88' lang='lat' dir='ltr'>tantum</span> <span class='ocrx_word' id='word_1_160' title='bbox 929 3433 1050 3505; x_wconf 85' lang='lat' dir='ltr'>virum</span> <span class='ocrx_word' id='word_1_161' title='bbox 1073 3433 1137 3505; x_wconf 89' lang='lat' dir='ltr'>tali</span> <span class='ocrx_word' id='word_1_162' title='bbox 1160 3435 1300 3530; x_wconf 85' lang='lat' dir='ltr'>suppli-</span> 
     </span>
     <span class='ocr_line' id='line_1_26' title="bbox 285 3548 1301 3645; baseline 0 -23"><span class='ocrx_word' id='word_1_163' title='bbox 285 3605 287 3611; x_wconf 83' lang='lat'><em>.</em></span> <span class='ocrx_word' id='word_1_164' title='bbox 348 3549 404 3622; x_wconf 89' lang='lat' dir='ltr'>cio</span> <span class='ocrx_word' id='word_1_165' title='bbox 431 3549 579 3644; x_wconf 86' lang='lat' dir='ltr'>dignum</span> <span class='ocrx_word' id='word_1_166' title='bbox 603 3548 813 3636; x_wconf 88' lang='lat' dir='ltr'>reddidisse,</span> <span class='ocrx_word' id='word_1_167' title='bbox 839 3549 910 3622; x_wconf 88' lang='lat' dir='ltr'>fuit</span> <span class='ocrx_word' id='word_1_168' title='bbox 935 3549 1172 3645; x_wconf 79' lang='lat' dir='ltr'>decapitatus</span> <span class='ocrx_word' id='word_1_169' title='bbox 1227 3550 1301 3622; x_wconf 85' lang='lat' dir='ltr'>Alii</span> 
     </span>
     <span class='ocr_line' id='line_1_27' title="bbox 347 3663 1298 3762; baseline 0 -24"><span class='ocrx_word' id='word_1_170' title='bbox 347 3675 389 3738; x_wconf 88' lang='lat' dir='ltr'>ut</span> <span class='ocrx_word' id='word_1_171' title='bbox 411 3666 649 3762; x_wconf 88' lang='lat' dir='ltr'>provinciales</span> <span class='ocrx_word' id='word_1_172' title='bbox 666 3665 949 3738; x_wconf 86' lang='lat' dir='ltr'>Praedicatorum</span> <span class='ocrx_word' id='word_1_173' title='bbox 966 3673 1002 3737; x_wconf 88' lang='lat' dir='ltr'>ct</span> <span class='ocrx_word' id='word_1_174' title='bbox 1020 3663 1298 3738; x_wconf 86' lang='lat' dir='ltr'>Carmelitarurn</span> 
     </span>
     <span class='ocr_line' id='line_1_28' title="bbox 346 3780 1298 3877; baseline -0.002 -21"><span class='ocrx_word' id='word_1_175' title='bbox 346 3783 459 3855; x_wconf 87' lang='lat' dir='ltr'>beatae</span> <span class='ocrx_word' id='word_1_176' title='bbox 483 3781 609 3853; x_wconf 89' lang='lat' dir='ltr'>Mariae</span> <span class='ocrx_word' id='word_1_177' title='bbox 633 3781 780 3855; x_wconf 86' lang='lat' dir='ltr'>fuerunt</span> <span class='ocrx_word' id='word_1_178' title='bbox 806 3781 965 3868; x_wconf 87' lang='lat' dir='ltr'>exulati;</span> <span class='ocrx_word' id='word_1_179' title='bbox 993 3780 1186 3877; x_wconf 85' lang='lat' dir='ltr'>episcopus</span> <span class='ocrx_word' id='word_1_180' title='bbox 1211 3806 1298 3854; x_wconf 87' lang='lat' dir='ltr'>vero</span> 
     </span>
     <span class='ocr_line' id='line_1_29' title="bbox 345 3896 1298 3984; baseline -0.003 -12"><span class='ocrx_word' id='word_1_181' title='bbox 345 3899 542 3973; x_wconf 88' lang='lat' dir='ltr'>Londoniae</span> <span class='ocrx_word' id='word_1_182' title='bbox 560 3897 629 3973; x_wconf 83' lang='lat' dir='ltr'>suit</span> <span class='ocrx_word' id='word_1_183' title='bbox 647 3897 922 3970; x_wconf 89' lang='lat' dir='ltr'>manumissioni</span> <span class='ocrx_word' id='word_1_184' title='bbox 940 3897 1133 3984; x_wconf 88' lang='lat' dir='ltr'>dimissus;</span> <span class='ocrx_word' id='word_1_185' title='bbox 1160 3896 1298 3970; x_wconf 89' lang='lat' dir='ltr'>Rober-</span> 
     </span>
     <span class='ocr_line' id='line_1_30' title="bbox 345 4000 1297 4109; baseline -0.004 -19"><span class='ocrx_word' id='word_1_186' title='bbox 345 4028 404 4090; x_wconf 89' lang='lat' dir='ltr'>tus</span> <span class='ocrx_word' id='word_1_187' title='bbox 422 4018 466 4090; x_wconf 93' lang='lat' dir='ltr'>de</span> <span class='ocrx_word' id='word_1_188' title='bbox 485 4016 677 4090; x_wconf 86' lang='lat' dir='ltr'>Tauntone</span> <span class='ocrx_word' id='word_1_189' title='bbox 698 4015 861 4102; x_wconf 87' lang='lat' dir='ltr'>clericus,</span> <span class='ocrx_word' id='word_1_190' title='bbox 881 4023 917 4087; x_wconf 90' lang='lat' dir='ltr'>et</span> <span class='ocrx_word' id='word_1_191' title='bbox 937 4013 1068 4086; x_wconf 81' lang='lat' dir='ltr'>fratres</span> <span class='ocrx_word' id='word_1_192' title='bbox 1086 4012 1235 4109; x_wconf 89' lang='lat' dir='ltr'>quidam</span> <span class='ocrx_word' id='word_1_193' title='bbox 1252 4000 1297 4086; x_wconf 88' lang='lat' dir='ltr'>de</span> 
     </span>
     <span class='ocr_line' id='line_1_31' title="bbox 342 4129 1296 4208; baseline -0.005 -2"><span class='ocrx_word' id='word_1_194' title='bbox 342 4135 528 4208; x_wconf 91' lang='lat' dir='ltr'>ordinibus</span> <span class='ocrx_word' id='word_1_195' title='bbox 547 4132 824 4206; x_wconf 72' lang='lat' dir='ltr'>carmelitarum</span> <span class='ocrx_word' id='word_1_196' title='bbox 850 4140 886 4204; x_wconf 91' lang='lat' dir='ltr'>et</span> <span class='ocrx_word' id='word_1_197' title='bbox 913 4129 1196 4203; x_wconf 73' lang='lat' dir='ltr'>Praedicatorum</span> <span class='ocrx_word' id='word_1_198' title='bbox 1219 4153 1296 4202; x_wconf 89' lang='lat' dir='ltr'>car-</span> 
     </span>
     <span class='ocr_line' id='line_1_32' title="bbox 341 4245 1293 4344; baseline -0.004 -22"><span class='ocrx_word' id='word_1_199' title='bbox 341 4250 414 4322; x_wconf 87' lang='lat' dir='ltr'>ceri</span> <span class='ocrx_word' id='word_1_200' title='bbox 431 4250 577 4324; x_wconf 86' lang='lat' dir='ltr'>fuerunt</span> <span class='ocrx_word' id='word_1_201' title='bbox 596 4248 804 4344; x_wconf 87' lang='lat' dir='ltr'>mancipati.</span> <span class='ocrx_word' id='word_1_202' title='bbox 845 4245 948 4319; x_wconf 91' lang='lat' dir='ltr'>Mors</span> <span class='ocrx_word' id='word_1_203' title='bbox 965 4245 1129 4342; x_wconf 87' lang='lat' dir='ltr'>praedicti</span> <span class='ocrx_word' id='word_1_204' title='bbox 1148 4245 1293 4319; x_wconf 88' lang='lat' dir='ltr'>comitis</span> 
     </span>
    </p>
   </div>
   <div class='ocr_carea' id='block_1_5' title="bbox 0 0 1564 5008">
    <p class='ocr_par' dir='ltr' id='par_1_5' title="bbox 0 0 1564 5008">
     <span class='ocr_line' id='line_1_33' title="bbox 0 0 1564 5008; baseline 0 5"><span class='ocrx_word' id='word_1_205' title='bbox 0 0 1564 5008; x_wconf 95' lang='lat' dir='ltr'> </span> 
     </span>
    </p>
   </div>
   <div class='ocr_carea' id='block_1_6' title="bbox 1539 455 1556 863">
    <p class='ocr_par' dir='ltr' id='par_1_6' title="bbox 1539 63 1556 863">
     <span class='ocr_line' id='line_1_34' title="bbox 1539 455 1556 863; baseline 0 0"><span class='ocrx_word' id='word_1_206' title='bbox 1539 455 1556 863; x_wconf 53' lang='lat' dir='ltr'>r</span> 
     </span>
    </p>
   </div>
  </div>
 </body>
</html>
