3118 5008
206 651 209 656 ¹
258 625 469 716 n.n.134l.]
512 645 1031 698 nunsuuunuswrunsosu.
1070 677 1076 692 .
1141 629 1205 699 151

254 782 291 842 et
316 772 480 868 proinde,
505 771 743 868 parliamento
759 795 876 868 usque
897 771 944 845 ad
965 773 1100 849 festum
1117 773 1208 848 Peu-

254 896 417 962 tecosten
438 889 630 984 protelato,
649 887 806 960 finaliter
828 889 1007 963 concessit
1030 890 1128 986 quod
1151 889 1208 963 sui

256 1003 474 1099 principales
498 1002 660 1078 officiarii
684 1003 724 1075 in
746 1003 984 1098 parliamento
1008 1004 1127 1081 forent
1147 1005 1207 1100 ju-

252 1119 334 1204 rati,
354 1103 453 1214 quod
474 1119 514 1189 in
537 1117 613 1190 suis
636 1116 763 1191 officiis
784 1117 933 1190 cuilibet
946 1118 1127 1213 justitiam
1144 1142 1206 1191 ex-

251 1234 430 1319 hiberent,
449 1243 486 1305 et
509 1231 540 1304 si
561 1255 636 1304 non
654 1231 824 1319 iacerent,
843 1232 881 1304 in
898 1233 1059 1328 quolibet
1075 1234 1206 1330 parlia-

253 1358 379 1422 mento
402 1348 510 1422 tertio
533 1347 590 1422 die
613 1355 698 1443 port
720 1347 941 1443 principium
967 1349 1205 1443 parliamenti,
1291 1407 1302 1416 .

251 1487 318 1538 sua
336 1463 453 1546 officia
470 1463 705 1558 resignarent,
724 1468 760 1534 et
778 1461 930 1557 singulis
947 1462 993 1534 de
1010 1463 1061 1535 eis
1079 1488 1204 1559 quere-

250 1580 409 1652 lantibus
441 1578 712 1674 responderent,
744 1587 852 1673 atque
878 1578 1016 1672 judicio
1049 1581 1203 1674 parium,

248 1696 281 1766 si
315 1703 509 1790 oporteret,
543 1694 770 1790 punirentur.
825 1692 943 1789 Super
964 1693 1029 1784 'his
1059 1703 1095 1766 et
1125 1695 1203 1767 aliis

249 1811 386 1884 factum
402 1809 472 1883 suit
489 1819 669 1886 statutum
685 1811 783 1904 regio
802 1809 918 1904 sigillo
936 1810 1201 1905 consignatum,

249 1936 287 1998 et
303 1950 349 2000 ex
365 1936 455 2000 tunc
471 1926 630 2023 praelatis
648 1935 684 1998 et
701 1926 780 2002 aliis
798 1924 1029 2020 magnatibus
1050 1925 1203 1998 dabatur

251 2041 396 2114 licentia
413 2042 613 2116 recedendi.

299 2155 383 2230 Hoc
417 2181 529 2230 anno·
548 2157 644 2232 circa
676 2157 896 2252 principium
929 2157 1063 2229 mensis
1098 2155 1199 2244 Julii,

120 2364 129 2376 ,
248 2273 384 2368 recepit
418 2273 586 2344 dominus
621 2295 685 2344 rex
717 2272 840 2346 literas
874 2271 1060 2346 Ludowici
1098 2272 1200 2346 ducis
1261 2372 1265 2376 ¹

248 2389 410 2462 Bavariae
440 2398 478 2463 et
506 2387 733 2482 usurpatoris
764 2387 908 2482 imperii
938 2387 1199 2476 Romanorum,

248 2506 287 2576 in
326 2505 457 2599 quibus
499 2502 670 2600 praelatus
713 2501 931 2577 Ludowicus
973 2503 1199 2598 praetendens

247 2618 444 2692 amicitiam
478 2619 573 2692 inter
607 2617 729 2714 ipsum
762 2625 798 2689 et
832 2616 1044 2713 Philippum
1077 2641 1200 2712 regem

247 2733 407 2806 Francia
442 2757 559 2828 nuper
592 2733 731 2817 initam,
768 2731 860 2804 dixit
901 2732 969 2804 sibi
1012 2733 1200 2828 displicere

116 2861 121 2874 ”
247 2873 415 2945 guerram
445 2848 622 2922 Gallicam
655 2872 722 2943 per
755 2871 877 2942 regem
903 2847 1045 2942 Angliae
1074 2848 1199 2921 incho.

246 2973 355 3048 atam,
386 2974 422 3037 et
455 2964 599 3036 monuit
632 2963 866 3037 concordiam
899 2963 994 3036 inter
1028 2986 1128 3058 reges
1162 2972 1199 3037 ct

164 3077 168 3085 ’
247 3103 376 3175 pacem
398 3079 656 3166 reformandas,
679 3079 725 3152 ad
749 3102 859 3174 quam
883 3078 1044 3176 seipsum
1066 3078 1199 3154 obtulit

246 3204 283 3266 et
305 3196 351 3268 ad
373 3195 451 3270 haec
474 3193 640 3291 promisit
663 3218 701 3268 se
723 3194 850 3268 libenti
875 3195 996 3268 animo
1019 3196 1111 3268 velle
1135 3219 1198 3268 va·

247 3334 327 3383 care
356 3320 394 3386 et
422 3311 629 3406 impendere
656 3334 810 3383 onerosa
836 3311 1117 3407 prosequutione
1144 3314 1195 3385 la-

246 3426 363 3512 bores,
392 3437 430 3498 et
463 3427 510 3499 ad
543 3426 621 3498 haec
655 3426 816 3499 securius
845 3425 1009 3499 iacienda
1042 3427 1148 3523 petiit
1176 3451 1198 3500 a
1310 3458 1313 3463 ·

246 3564 342 3634 rege,
380 3546 402 3576 “
415 3539 591 3613 Placeat’'
625 3540 804 3636 inquiens,
842 3541 943 3614 “tibi
976 3541 1080 3614 nobis
1123 3541 1197 3616 tuis

245 3656 360 3729 literis
394 3656 479 3730 dare
512 3664 728 3753 potestatem
761 3656 984 3752 praemissam
1016 3658 1197 3733 tractandi

245 3772 489 3859 concordiam,
517 3780 664 3866 treugas
691 3771 738 3844 ad
763 3794 900 3846 annum
923 3773 983 3845 vel
1008 3773 1196 3847 biennium

245 3888 471 3976 ordinandi,''
495 3887 589 3961 infra
612 3911 755 3984 quoque
778 3911 817 3960 se
838 3912 1016 3962 excusans
1040 3891 1084 3962 de
1106 3889 1194 3962 anri-

245 4007 329 4078 citia
345 4007 440 4079 inter
456 4007 579 4103 ipsum
599 4015 635 4079 et
659 4029 780 4102 regern
796 4005 956 4079 Franciae
973 4005 1193 4100 Philippum,

245 4129 286 4191 ut
305 4121 525 4207 dictumest,
545 4120 696 4208 initiata,
715 4145 827 4216 quam
845 4120 937 4192 dixit
947 4142 1040 4215 'cum
1057 4119 1194 4190 honore

244 4254 322 4308 suo
342 4259 380 4307 se
409 4261 515 4331 posse
545 4246 762 4331 acceptasse,
791 4261 835 4307 ex
862 4260 934 4329 quo
962 4258 1025 4306 rex
1051 4233 1193 4328 Angliae
