3136 5016
393 637 442 706 44
656 653 881 706 ousorueou
902 655 1085 704 orimum

393 784 590 857 adventum
608 782 758 870 Christi,
777 784 829 856 ita
846 784 944 879 quod
961 784 1207 880 computando
1228 807 1250 858 a
1273 785 1349 882 pri-

393 924 454 973 ma
470 901 574 973 litera
589 899 784 996 alphabeti,
799 900 967 973 videlicet
979 901 1025 988 A,
1044 908 1081 973 et
1098 900 1150 973 sic
1168 893 1346 996 gradatim

393 1041 509 1113 usque
535 1017 678 1090 literam
703 1016 754 1104 H,
782 1017 870 1090 dicit
897 1016 1086 1091 Christum
1111 1041 1221 1114 super
1244 1017 1347 1089 illam

392 1133 535 1206 literam
553 1159 598 1207 ex
614 1134 754 1230 virgine
771 1157 849 1206 esse
865 1141 1004 1205 natum.
1056 1132 1105 1203 Et
1129 1157 1152 1206 a
1173 1134 1346 1228 praedicta

274 1245 280 1258 '
392 1249 497 1322 litera
516 1249 567 1336 H,
587 1273 713 1323 sumus
737 1274 847 1347 super
866 1250 1009 1322 literam
1025 1248 1073 1336 Y,
1092 1257 1256 1346 tempore
1273 1275 1346 1345 quo

392 1366 463 1440 ista
496 1367 631 1462 scripta
664 1376 778 1453 erant,
808 1366 976 1439 videlicet
1010 1366 1049 1438 in
1082 1389 1179 1438 anno
1208 1367 1346 1461 jubileo

398 1483 505 1556 1350.
567 1482 616 1556 Et
650 1483 702 1556 sio
735 1507 801 1578 per
830 1483 908 1577 ejus
943 1482 1151 1579 opinionem
1186 1491 1222 1553 et
1256 1483 1344 1555 dicti

393 1599 575 1696 alphabeti
605 1598 915 1694 computationem
945 1607 1107 1701 remanet
1136 1598 1207 1670 nisi
1240 1599 1344 1671 litera

394 1716 436 1804 Z,
457 1742 536 1812 quae
553 1724 608 1788 est
625 1716 755 1787 ultima
770 1715 886 1802 litera,
904 1715 968 1788 ubi
988 1715 1093 1812 ponit
1112 1714 1223 1787 finem
1239 1714 1343 1787 istius

393 1832 517 1918 seculi,
536 1832 607 1904 hoo
624 1842 679 1905 est
696 1833 770 1903 250
787 1854 901 1904 annos
915 1855 936 1904 a
949 1840 1110 1927 tempore
1129 1831 1203 1903 dati
1220 1832 1342 1927 hujus.

392 1947 442 2020 Et
458 1947 703 2044 computando
717 1948 827 2020 modo
838 1948 1012 2045 praedicto
1029 1972 1051 2020 a
1068 1949 1152 2020 dato
1169 1948 1343 2044 praedicto

392 2086 508 2158 usque
536 2063 732 2137 adventum
756 2063 894 2137 Christi
920 2072 1007 2136 sunt
1032 2063 1118 2135 anni
1146 2063 1275 2155 [2450]
1306 2071 1343 2136 et

391 2202 508 2274 usque
525 2179 650 2252 datum
668 2180 882 2275 praedictum
903 2179 1010 2252 1350.

442 2294 724 2370 Memorandum
759 2297 803 2369 de
838 2304 977 2394 septem
1006 2296 1172 2369 aetatibus
1201 2297 1340 2370 mundi.

391 2410 514 2486 Prima
542 2422 627 2486 aetas
658 2412 821 2486 continet
854 2437 968 2485 annos
1003 2415 1114 2487 2254.
1176 2412 1342 2487 Secunda

391 2536 478 2601 aetas
513 2532 598 2605 942.
657 2529 780 2604 Tertia
813 2539 898 2603 aetas
935 2533 1019 2605 940.
1080 2528 1222 2614 Quarta
1255 2539 1341 2603 aetas

391 2641 476 2718 477.
531 2644 672 2730 Quinta
701 2657 787 2720 aetas
817 2649 902 2730 589,
929 2647 1027 2720 unde
1056 2670 1198 2720 summa
1225 2670 1341 2743 usque

391 2767 531 2831 sextam
553 2770 708 2847 aetatem,
732 2761 770 2833 in
794 2785 865 2856 qua
887 2768 996 2832 natus
1019 2767 1074 2832 est
1095 2758 1204 2832 Jesus
1230 2760 1338 2831 5138.

389 2872 438 2947 Et
461 2898 483 2946 a
505 2875 693 2949 nativitate
716 2874 850 2948 Christi
875 2900 991 2973 usque
1014 2899 1123 2962 nunc,
1146 2875 1218 2949 isto
1243 2899 1338 2948 anno

385 2989 521 3083 jubileo
543 2989 640 3063 1350
657 3015 782 3064 annos.

439 3104 561 3178 Prima
579 3108 624 3180 ab
641 3107 760 3179 Adam
776 3130 892 3203 usque
908 3108 1002 3182 Noe.

440 3220 607 3295 Secunda
623 3249 645 3296 a
661 3222 743 3297 Noe
759 3247 874 3321 usque
891 3226 1088 3299 Abraham.

438 3337 561 3412 Tertia
577 3341 623 3412 ab
640 3340 826 3414 Abraham
841 3368 958 3440 usque
974 3342 1104 3417 David.

439 3452 581 3538 Quarta
597 3481 619 3530 a
634 3456 754 3531 David
770 3483 886 3556 usque
903 3461 1267 3556 transmigrationem.

439 3571 580 3657 Quinta
607 3599 628 3647 a
655 3577 968 3672 transmigratione
994 3599 1110 3674 usque
1139 3579 1336 3653 adventum

388 3687 536 3763 Christi.

437 3805 548 3881 Sexta
563 3833 585 3882 a
603 3807 738 3884 Christi
755 3813 914 3886 adventu
931 3834 1046 3906 usque
1063 3811 1173 3884 finem
1195 3812 1335 3885 mundi.

435 3921 716 3999 Memorandum
751 3929 849 4024 quod
882 3927 1056 4000 traditum
1090 3937 1145 4000 est
1175 3953 1196 4000 a
1226 3929 1335 4001 domo

384 4038 512 4139 Helye,
537 4042 575 4115 id
601 4052 656 4118 est
679 4070 702 4118 a
728 4044 914 4140 discipulis
936 4045 1025 4140 ejus,
1048 4069 1114 4140 per
1135 4067 1198 4116 sex
1221 4045 1334 4116 millia

383 4181 562 4234 annorum
596 4163 663 4235 erit
693 4165 863 4247 mundus,
895 4161 968 4234 duo
1003 4162 1116 4234 millia
1148 4162 1331 4248 vanitatis,

383 4275 455 4350 duo
474 4280 586 4352 millia
601 4281 703 4374 legis,
722 4281 795 4352 duo
812 4279 925 4352 millia
942 4279 1079 4352 dierum
1100 4279 1255 4351 Messiae.
