3118 5008
386 621 454 694 136
628 642 857 696 ,canonicos
878 641 1060 690 orarium
1117 615 1330 708 [l.1›.1338.

310 781 312 788 '
382 771 503 854 subito
546 769 709 865 ingressi,
754 791 864 841 naves
904 767 1077 862 quasdam
1112 789 1262 861 magnas
1295 774 1333 837 et

382 911 550 982 magnam
575 887 670 960 villae
694 895 835 982 partem
848 885 1003 979 ,ignibus
1028 883 1233 969 vastabant,
1253 882 1332 977 qui-

381 1004 451 1076 bus
473 1003 540 1076 ivit
563 1003 706 1076 obviarn
730 1001 898 1074 dominus
919 998 1031 1093 Hugo
1049 1000 1094 1072 de
1112 997 1331 1094 Courtenay,

383 1115 504 1192 comes
527 1117 710 1205 Devoniae,
735 1117 838 1189 miles
862 1116 1126 1210 octogenarius,
1145 1139 1228 1188 cum
1252 1114 1333 1186 aliis

352 1319 356 1326 ,
383 1235 558 1309 militibus
587 1233 685 1306 illius
716 1233 920 1306 comitatus,
974 1230 1041 1305 Isti
1070 1240 1155 1328 post
1183 1230 1332 1326 perditi-

383 1377 491 1424 onem
525 1350 754 1446 quorundam
787 1348 1031 1445 popularium,
1060 1348 1123 1444 qui
1159 1346 1333 1420 dearmati

384 1467 553 1564 quarellis
591 1465 858 1539 balistariorum
892 1465 1154 1550 occubuerunt,
1186 1463 1333 1536 demum

384 1586 519 1681 piratas
553 1584 719 1656 cominus
754 1569 1014 1678 aggredientes,
1050 1583 1186 1656 multos
1225 1604 1335 1676 super

385 1702 520 1780 aridam
546 1701 807 1785 mactaverunt,
834 1698 981 1794 reliquis
1007 1698 1053 1770 ad
1078 1697 1222 1792 navigia
1246 1720 1334 1768 ven-

385 1816 510 1900 tilatis,
529 1823 566 1886 et
591 1815 726 1887 multos
751 1814 896 1908 navigio
919 1837 993 1886 non
1015 1815 1177 1886 valentes
1203 1837 1334 1909 appro-

385 1932 484 2026 piare
508 1953 606 2006 mare
627 1930 831 2016 submersit,
851 1931 896 2003 ad
913 1954 1105 2002 numerum
1120 1930 1338 2026 quingento-

386 2071 480 2133 rum,
513 2047 713 2118 secundum
747 2047 1023 2120 estimationem
1057 2055 1146 2121 tunc
1179 2070 1336 2143 praesen-

384 2163 478 2260 tium
495 2162 639 2235 ibidem.

413 2281 416 2291 '
436 2278 545 2354 Nova
561 2280 704 2364 funesta
720 2282 814 2377 regis
835 2307 939 2355 aures
962 2285 1001 2355 in
1024 2280 1220 2356 Brabantia
1237 2307 1337 2355 com-

388 2397 562 2474 morantis
603 2408 860 2493 percusserunt
894 2423 959 2494 per
993 2408 1203 2486 asserentes
1239 2399 1338 2494 quod

387 2513 638 2608 Hamptonam
661 2521 698 2586 et
723 2513 812 2586 alios
835 2523 963 2610 portus
980 2514 1134 2610 Angliae,
1154 2540 1237 2588 cum
1259 2515 1337 2588 illo-

388 2654 471 2706 rum
499 2629 641 2724 navigio
667 2629 793 2724 piratae
820 2629 983 2702 crudeles
1011 2632 1155 2727 tyranni
1183 2631 1337 2704 Franco-

388 2772 471 2824 rum
496 2746 741 2823 devastarunt.
795 2745 950 2818 Proinde
973 2746 1048 2819 suis
1070 2747 1193 2820 amicis
1215 2771 1340 2820 secum

389 2863 638 2960 praesentibuS,
671 2861 808 2934 scilicet
841 2862 1043 2934 marchioni
1072 2862 1271 2936 Juliacensi
1304 2872 1341 2935 ct

391 2977 632 3056 cardinalibus
654 2967 817 3072 exposita
839 2977 1052 3051 necessitate
1076 3003 1114 3051 se
1133 2977 1341 3053 vindicandi

391 3095 429 3164 in
463 3117 569 3165 suum
604 3092 849 3166 adversarium
883 3104 1077 3191 tyrannum
1107 3095 1341 3184 Francorum,

392 3207 529 3306 recepit
546 3233 567 3280 a
584 3207 826 3281 cardinalibus
844 3211 915 3282 tale
933 3234 1158 3307 responsum.
1213 3215 1234 3248 “
1247 3211 1343 3306 Reg-

393 3326 520 3408 num,''
547 3323 729 3418 inquiunt,
749 3323 944 3397 “Franciae
967 3326 1030 3399 filo
1052 3329 1167 3401 serico
1188 3329 1344 3401 circum-

391 3439 565 3534 cingitur,
593 3437 690 3534 quod
718 3447 796 3513 tota
822 3441 986 3536 potentia
1011 3444 1113 3538 regni
1139 3442 1346 3539 Anglorum

396 3577 469 3626 non
500 3555 679 3628 sufficeret
709 3554 927 3652 infringere3
965 3566 1168 3654 propterea,
1200 3558 1346 3631 domine

396 3693 471 3757 rer,
498 3679 667 3766 expectes
692 3671 912 3745 Teutonicos
938 3682 975 3745 et
1000 3673 1090 3746 alios
1116 3674 1183 3745 tibi
1209 3672 1346 3746 consoe-

392 3785 552 3874 demtos,
571 3810 725 3880 quorum
744 3788 860 3882 major
878 3790 983 3884 copia
1005 3789 1072 3860 tibi
1094 3788 1195 3860 deest
1215 3789 1347 3874 adhuc,

396 3911 439 3974 ut
473 3901 643 3997 ipsorum
669 3902 850 3998 adjutorio
886 3905 1015 3976 saltem
1048 3902 1202 3974 videaris
1241 3927 1349 3998 posse

398 4016 547 4098 Gallicis
575 4041 717 4115 nocere,
747 4027 855 4113 atque
882 4029 970 4091 tunc
998 4042 1126 4114 pacem
1155 4017 1349 4092 honorabi-

397 4135 481 4220 lem,
509 4133 613 4206 nobis
642 4133 713 4206 Dei
743 4134 857 4228 gratia
886 4134 1138 4222 mediantibus
1168 4158 1253 4207 cum
1282 4159 1348 4230 po-

398 4251 489 4330 tenti
506 4275 590 4346 rege
607 4249 766 4324 Franciae
784 4251 919 4346 poteris
937 4252 1136 4336 obtinere.'’
1187 4250 1246 4323 Ad
1271 4249 1349 4321 haec
