3118 5008
369 619 438 703 ldd
618 639 846 692 ouuomcou
865 637 1049 691 arnrurm
1106 613 1320 705 [inlata

367 769 608 854 temeritatem
626 767 786 848 marma
807 765 956 845 fuerunt
976 765 1174 846 voluntarii
1198 765 1327 842 novitii

366 885 518 971 milites„
541 883 673 980 quibus
702 883 809 958 valde
838 881 1038 960 abundavit
1067 881 1264 969 exercitus,
1289 891 1326 958 et

285 1084 297 1096 ¹
368 1024 496 1082 omnes
539 1000 664 1096 cupidi
706 999 830 1096 magui
862 998 1028 1094 honoria,
1059 1021 1168 1094 quem
1201 1021 1325 1094 regem

369 1117 514 1213 Angliaa
538 1116 763 1202 debellando,
782 1115 933 1211 quilibet
960 1115 1113 1214 putabat
1138 1138 1178 1196 se
1202 1114 1325 1210 acqui-

355 1233 538 1320 ‘siturum
590 1232 623 1313 E
657 1241 784 1316 eontra
817 1231 962 1328 Anglici
997 1229 1137 1315 curati
1169 1241 1324 1314 matrem

370 1351 592 1439 invocantes,
611 1375 725 1446 quum
742 1350 848 1424 illum
863 1349 960 1430 diem
977 1348 1117 1430 sabbati
1135 1371 1220 1430 uum
1231 1347 1324 1444 jeju·

370 1467 440 1540 niis
466 1466 771 1553 sacrificaverunt,
789 1465 1005 1546 effodierunt
1030 1464 1069 1542 in
1094 1488 1207 1561 parvo
1233 1473 1324 1542 tem·

370 1608 459 1680 pore
471 1585 589 1658 multa
600 1583 776 1658 foramina
792 1583 831 1658 iu
848 1591 944 1656 terre
960 1605 1084 1662 coram
1101 1581 1178 1662 atie
1194 1580 1324 1677 prima,

370 1701 653 1797 profunditatem
671 1699 780 1780 unius
796 1698 912 1796 pedis,
932 1707 968 1772 et
995 1699 1149 1780 eandem
1163 1697 1326 1778 latitudi-

372 1841 468 1903 mm,
487 1817 653 1912 quolibetw
666 1817 826 1904 illorum,
842 1825 885 1894 ut
902 1816 944 1905 si,
964 1816 1064 1913 quod
1081 1815 1209 1903 abfuit,
1226 1813 1327 1910 equi·

371 1943 426 2009 tes
448 1931 674 2006 Gallicorum
697 1933 796 2029 ipsos
820 1932 930 2014 nimis
951 1931 1105 2011 fuissent
1129 1930 1326 2027 irnequuti,

365 2049 456 2142 equi
473 2048 518 2120 ad
535 2047 711 2122 foramina
728 2049 938 2122 titubarent.
993 2047 1196 2144 Sagittariin
1217 2047 1327 2126 etiam

372 2187 438 2248 sua
461 2164 543 2246 loca
568 2164 815 2262 designarunt,
842 2174 885 2248 ut
912 2187 987 2238 non
1014 2187 1141 2240 coram
1166 2164 1326 2250 armatis,

372 2280 438 2362 sed
452 2303 475 2354 a
489 2281 666 2364 lateribus¹
688 2283 794 2378 regis,
813 2280 992 2359 exercitus
1017 2281 1120 2377 quasi
1143 2281 1207 2355 alae
1232 2289 1327 2361 asta-

371 2405 466 2484 rent,
493 2406 530 2470 ct
563 2397 616 2471 sic
650 2421 725 2480 non
758 2397 976 2496 impedirent
1007 2405 1181 2484 armatos„
1210 2419 1327 2492 neque

371 2514 527 2599 muricis
553 2523 783 2596 occurrerent
815 2514 854 2588 in
884 2512 1016 2599 fronte,
1045 2514 1110 2592 aad
1142 2513 1182 2590 in
1215 2513 1328 2592 latera

370 2631 524 2726 sagittas
554 2631 799 2707 fulminarent.
853 2629 970 2726 Igitur
999 2653 1025 2704 a
1049 2629 1256 2716 balistariis,
1285 2640 1327 2702 ut

370 2747 509 2822 dictum
539 2755 608 2833 est,
637 2771 702 2844 per
731 2770 844 2843 equos
874 2770 1022 2842 grossos
1050 2746 1208 2835 calcatis,
1237 2754 1275 2822 et
1304 2770 1327 2818 a

370 2863 560 2940 dextrariis
584 2887 649 2960 par
673 2863 821 2958 sagittas
839 2863 1042 2961 perforatis
1060 2863 1188 2959 ingens
1205 2863 1326 2944 luctus

370 2982 416 3059 ad
432 2991 532 3056 astra
545 2982 698 3065 levatur,
717 2989 753 3054 et
777 2980 821 3060 ab
845 2981 948 3075 equis
971 2979 1212 3060 titubantibus
1237 2979 1326 3062 aciei

369 3098 486 3172 forma
507 3096 732 3176 Gallicorum
755 3094 901 3170 horride
923 3096 1112 3183 turbatum
1140 3119 1227 3172 curn
1247 3094 1325 3168 An·

370 3214 473 3308 glicis
501 3212 649 3284 armatis
677 3211 925 3306 confligentes,
955 3214 1156 3299 securibus-
1190 3212 1326 3288 lanceis
1371 3255 1382 3264 ·

370 3337 407 3402 et
432 3327 561 3424 gladiis
584 3336 877 3424 prosternuntur,
901 3339 937 3402 et
960 3330 1001 3408 in
1022 3331 1142 3412 medio
1165 3330 1326 3408 exercitu

370 3444 595 3528 Francorum
610 3443 718 3524 multi
730 3447 933 3542 compressi
949 3471 971 3520 a
988 3447 1222 3523 multitudine
1239 3469 1325 3523 oua-

370 3585 462 3648 rosa,
484 3562 563 3634 sine
584 3563 736 3640 vulnere
757 3564 1025 3660 opprimuntur.
1077 3564 1120 3644 In
1145 3573 1221 3640 tam
1247 3563 1325 3640 diro

370 3700 568 3774 congressu
587 3679 759 3768 acierum,
783 3684 1036 3778 magnanimus
1057 3681 1256 3757 Eduardus
1281 3681 1326 3754 de

369 3792 607 3884 wodestoke,
651 3797 748 3893 regis
779 3799 1055 3895 primogenitae,
1091 3819 1201 3892 agens
1236 3805 1327 3870 tunc

370 3936 507 3996 annum
524 3914 640 3996 astatis
658 3926 802 3990 sextum
825 3915 1018 3998 decimum,
1042 3913 1080 3984 in
1102 3911 1220 4006 prima
1241 3936 1324 3986 cus·

370 4032 469 4108 todia
511 4033 723 4107 ostendebat
767 4031 916 4102 Gallicis
959 4053 1063 4102 suam
1107 4028 1328 4124 probitatem

369 4148 628 4234 admirandam,
660 4171 771 4242 equos
806 4145 1033 4240 perforando,
1065 4145 1204 4242 equites
1240 4169 1324 4242 pro-

369 4266 574 4352 sternenda
590 4263 744 4340 cassides
763 4262 1041 4358 conquatiendo,
1060 4265 1203 4338 lanceas
1221 4272 1322 4343 trun·
1357 4306 1365 4313 x
