3110 5026
355 624 425 698 las
604 645 1031 698 cuaomcorron-nusmr
1089 575 1301 720 [r.n.l348.

351 777 414 850 din
430 777 563 850 iterum
586 776 734 863 electus
752 775 822 848 suit
844 775 883 847 in
906 776 1006 850 curia
1029 776 1195 852 Romana
1217 805 1306 854 con·

349 901 523 979 sectatus,
543 901 581 965 et
603 892 731 965 eodem
754 916 851 965 anno
874 891 1051 967 mortuus.
1105 892 1183 968 Isto
1205 919 1303 968 anno

349 1018 433 1105 post
456 1009 589 1081 festum
612 1009 728 1082 sancti
748 1007 913 1095 Martini,
932 1021 1181 1084 convenerunt
1203 1014 1302 1109 apud

349 1123 530 1197 Calesiam
555 1125 748 1221 episcopus
773 1123 1029 1211 NorwicensiS,
1056 1151 1178 1199 comes
1205 1126 1301 1200 Lan-

349 1240 500 1327 castriae,
528 1264 651 1313 eomes
679 1238 926 1326 Suthsolchiae‚
949 1249 986 1312 et
1010 1241 1180 1324 dominus
1199 1239 1300 1316 Wal-

348 1364 447 1428 tems
474 1355 609 1451 Magne
636 1379 682 1428 ex
708 1363 812 1451 parte
837 1354 1051 1450 Anglorum.
1104 1355 1198 1430 Item
1225 1358 1302 1454 epi·

347 1494 480 1567 scopus
505 1471 769 1566 Lugdunensis
794 1472 869 1543 dux
894 1471 939 1542 de
964 1469 1136 1545 Burbone
1161 1480 1198 1544 et
1223 1473 1300 1545 dux

346 1584 522 1660 Dattenes
548 1595 585 1659 et
610 1585 732 1660 comes
762 1586 807 1658 de
835 1585 959 1683 Gynes
989 1596 1025 1658 et
1054 1587 1223 1660 dominus
1254 1588 1300 1660 de

346 1701 577 1775 Tankerville
603 1713 640 1775 ct
665 1701 834 1774 dominus
865 1701 1050 1775 Galfridus
1076 1703 1121 1775 de
1148 1700 1299 1801 Oharny

346 1843 392 1892 ex
418 1827 520 1915 parte
547 1815 781 1904 Francorum,
808 1841 875 1915 pro
903 1818 1039 1913 treugis
1066 1819 1297 1905 renovandis,

346 1934 477 2029 quibus
519 1934 637 2006 noluit
679 1957 801 2008 comes
843 1933 1063 2007 Lancastrise
1109 1935 1295 2022 assentire,

347 2073 535 2145 quousque
574 2050 647 2122 duo
686 2049 865 2125 fortalicia
899 2050 1049 2124 Calesiae
1082 2051 1223 2137 nociva,
1259 2059 1297 2124 et

345 2175 472 2238 contra
498 2166 654 2239 formam
679 2167 917 2264 pristinarum
945 2176 1154 2263 treugarum
1183 2167 1295 2240 aedifi-

343 2290 436 2368 cata,
455 2281 598 2355 firerant
624 2283 755 2371 diruta,
775 2309 847 2380 quo
872 2285 980 2371 facto,
1003 2291 1183 2356 renovatae
1209 2294 1296 2358 sunt

344 2405 479 2494 treugae
495 2422 611 2495 usque
627 2400 674 2472 ad
690 2400 856 2496 primum·
867 2400 963 2472 diem
980 2397 1190 2472 Decembris
1208 2401 1294 2473 anni

343 2515 512 2609 proximo
553 2513 668 2588 futuri
710 2515 903 2588 duraturae.
971 2511 1111 2586 Eodem
1150 2537 1294 2610 quoque

344 2655 440 2704 anno
463 2632 633 2705 dominus
657 2641 695 2705 et
719 2630 982 2727 primogenitus
1005 2630 1084 2725 ejus
1110 2639 1146 2703 et
1172 2653 1294 2704 comes

343 2747 387 2819 de
411 2745 616 2821 Warewike
641 2757 678 2821 et
703 2748 894 2844 episcopus
916 2745 1115 2818 Wintoniae
1141 2747 1295 2818 advene-

343 2872 429 2936 runt
455 2863 644 2951 Calesiam,
663 2863 761 2935 unde
785 2887 850 2935 rex
875 2861 974 2934 misit
1000 2863 1172 2934 comitem
1197 2861 1293 2934 Lan-

342 2981 481 3054 castriae
512 2982 556 3054 ad
586 2980 800 3065 Dovemere,
828 2986 1061 3082 recepturum
1088 2978 1221 3052 ibidem
1248 3003 1295 3052 ex

341 3105 445 3192 parte
467 3121 533 3170 sua
554 3097 766 3170 fidelitatem
791 3103 828 3168 et
852 3094 1064 3188 homagium
1090 3094 1134 3166 de
1160 3096 1295 3168 comite

341 3212 519 3284 Flandriae
544 3236 629 3284 cum
654 3219 880 3283 sacramento
899 3208 1115 3304 jusjurandi,
1135 3210 1233 3302 quod
1256 3220 1296 3302 et

341 3328 479 3401 factum
494 3327 575 3400 fuit.
628 3323 735 3397 Missi
753 3348 896 3419 quoque
913 3324 1061 3396 fuerunt
1077 3325 1198 3397 nuntii
1219 3325 1293 3400 Bo-

341 3443 500 3530 uoniam,
527 3442 573 3514 ad
602 3439 831 3513 tractandum
860 3439 994 3512 ibidem
1021 3442 1292 3515 oum‘concilio

340 3562 575 3648 Francorum,
603 3560 700 3657 quod
726 3569 810 3635 ante
835 3560 982 3634 illorum
1009 3562 1208 3636 adventurn
1236 3588 1292 3637 se-

195 3729 198 3737 t
341 3677 448 3751 cessit
473 3677 512 3750 in
536 3676 738 3766 Franciam,
756 3678 853 3750 unde
878 3676 1000 3750 literas
1025 3678 1209 3754 confectas
1235 3690 1292 3774 ty-

340 3817 524 3891 rannoque
541 3795 764 3868 Francorum
785 3795 938 3868 directas
959 3795 1108 3868 tradidit
1130 3820 1194 3868 rex
1217 3795 1290 3868 Ro-

338 3911 441 3984 berto
462 3910 586 3998 Herle,
605 3922 642 3984 et
666 3910 818 3983 Thomae
842 3911 886 3983 de
902 3909 1079 3984 Verdoun
1101 3911 1289 3996 militibus,

338 4028 512 4124 praedicto
546 4038 701 4125 tyranno
735 4026 956 4114 deferendas,
990 4027 1029 4099 in
1059 4028 1190 4122 quibus
1225 4049 1289 4099 rex

338 4145 443 4240 petiit
473 4145 568 4218 diem
602 4144 648 4216 ad
681 4143 919 4240 praeliandum
948 4144 1017 4216 sibi
1046 4143 1219 4239 assignari
1248 4143 1287 4214 in

339 4287 425 4336 casu
448 4287 521 4358 quo
545 4286 618 4334 non
645 4269 767 4357 posset
791 4285 863 4357 pax
889 4259 1044 4333 finaliter
1069 4260 1164 4333 inter
1189 4260 1287 4355 ipsos
