3110 5026
368 631 442 705 208
619 599 847 702 cunonreon
866 650 1050 701 earnium
1108 629 1319 720 [n.o.1350.

367 781 432 855 sati
457 781 551 877 regis
573 779 703 868 Graeci,
728 779 920 875 inquibus
946 778 1199 852 continebatur
1221 781 1322 876 quod¹

367 900 459 971 alter
497 899 642 971 illorum
676 895 848 983 militum,
883 896 1020 969 scilicet
1052 895 1240 969 Johannes
1275 898 1320 969 de

367 1013 590 1100 Viscomitis,
618 1013 763 1086 natione
790 1011 960 1108 Cyprius,
988 1011 1154 1098 alterum,
1182 1011 1322 1086 scilicet

366 1127 547 1202 Thomam
573 1128 618 1200 dc
642 1129 678 1200 la
703 1127 867 1214 Marche,
894 1127 1041 1200 natione
1064 1127 1259 1213 Gallicum,
1283 1136 1320 1199 et

366 1243 482 1318 filium
508 1244 668 1341 Philippi
693 1265 810 1338 nuper
835 1243 928 1338 regis
953 1241 1126 1330 Franeiae,
1152 1243 1216 1315 sed
1241 1241 1319 1315 ille-

368 1360 536 1456 gitimum
570 1360 816 1445 calumniavit,
847 1359 892 1431 de
921 1383 963 1431 eo
994 1358 1092 1454 quod
1126 1358 1320 1455 praedictus

366 1475 527 1550 Thomas
570 1476 752 1549 debuisset
787 1500 808 1548 a
841 1473 974 1547 Tureis
1017 1474 1200 1570 quandam
1242 1475 1321 1547 auri

368 1617 550 1666 summam
583 1592 773 1687 recepisse,
805 1592 850 1664 ad
885 1591 955 1664 hoc
990 1591 1086 1687 quod
1120 1590 1321 1678 exercitum

369 1709 661 1782 Christianorum
690 1703 874 1804 tyrannidi
902 1706 1107 1780 Turdorum
1141 1706 1320 1803 prodidis-

368 1835 435 1910 set,
463 1833 500 1896 et
527 1825 624 1920 quod
652 1848 674 1896 a
700 1824 890 1897 calumniae
920 1822 1178 1918 provocatione
1206 1821 1319 1894 Joan-

368 1965 453 2012 nem
480 1938 640 2012 Thomas
676 1940 721 2012 ad
751 1939 1045 2014 monomachiam
1073 1948 1319 2036 provocasset,

365 2055 502 2152 judicio
528 2055 695 2130 Edwardr'
710 2048 813 2152 ¹regis
839 2057 993 2153 Angliae,
1020 2066 1194 2152 tanquam
1219 2055 1320 2152 prin-

368 2171 458 2269 cipis
500 2170 777 2246 fortunatissimi
819 2169 1068 2247 dirimendam.
1137 2171 1208 2245 Pro
1250 2171 1322 2245 ista

368 2313 477 2363 causa
507 2289 646 2385 praefati
673 2288 806 2362 milites
833 2291 1052 2363 dimicarunt
1081 2289 1174 2362 infra
1202 2289 1321 2384 ligati-

369 2404 425 2478 cia
454 2404 579 2500 palatii
609 2403 737 2499 regalis
765 2403 1093 2492 Westmonasterii,
1123 2404 1180 2478 die
1207 2403 1323 2478 Lunae

368 2520 535 2616 proxima
576 2529 659 2616 post
701 2518 836 2593 festum
870 2520 987 2592 sancti
1018 2518 1223 2608 Michaelis,
1259 2521 1322 2593 ubi

369 2636 540 2724 Thomas,
572 2637 610 2708 in
640 2637 918 2710 declarationem
948 2660 1022 2709 suae
1049 2637 1211 2732 justitia,
1243 2637 1321 2732 ejus

370 2753 616 2826 adversarium
659 2753 855 2849 superavit,
892 2777 966 2826 non
1008 2761 1148 2847 tamen,
1174 2752 1320 2839 occidit,

371 2869 456 2963 quia
489 2893 556 2942 nec
590 2869 710 2966 potuit
745 2868 964 2942 sufficienter
995 2877 1178 2942 armatum
1211 2893 1322 2965 pene-

370 2993 466 3058 trare
500 2986 620 3082 aliquo
654 2993 837 3057 tormento
871 2983 1047 3068 invasivo,
1082 2994 1345 3091 praeterquaml

371 3101 410 3174 in
440 3100 542 3187 facie,
571 3125 680 3197 quarn
709 3100 837 3173 habuit
871 3101 1017 3174 nudam.
1071 3099 1158 3172 Post
1192 3123 1323 3196 nempe

370 3219 565 3293 hastiludia
598 3228 635 3291 et
667 3219 853 3314 pedestres
894 3240 1107 3311 congressus
1147 3219 1323 3292 luctando

371 3333 481 3406 simul
514 3333 552 3404 in
586 3355 706 3403 aream
735 3331 887 3428 profusi,
909 3331 1074 3404 Thomas
1104 3331 1323 3427 quibusdam

371 3448 528 3524 stimulis
562 3446 675 3521 curtis
709 3456 746 3520 et
780 3448 895 3520 acutis
926 3471 1016 3543 quos
1050 3472 1201 3522 manum
1235 3452 1323 3524 dex-

371 3575 465 3639 tram
506 3563 778 3660 comprimendo
818 3562 1015 3660 digitorum
1055 3565 1141 3638 nodi
1181 3567 1322 3640 radica-

370 3683 423 3753 les
448 3680 485 3752 id
511 3688 567 3752 cst
592 3680 811 3756 chirothecis
835 3682 1031 3769 laminatis,
1053 3692 1320 3778 expresserunt,

371 3806 408 3870 et
430 3821 492 3872 eos
515 3798 679 3870 moderni
702 3807 834 3874 vocant
858 3799 1074 3896 gadelinges,
1097 3800 1233 3872 nudam
1255 3798 1322 3872 Jo-

372 3915 476 3989 annis
509 3914 638 3988 faciem
669 3916 886 3990 vulneravit.
940 3916 972 3991 E
1001 3926 1129 3989 contra
1161 3914 1322 3988 Joannes

372 4034 515 4106 nullum
549 4040 772 4104 tormentum
812 4032 939 4106 habuit
977 4033 1029 4105 ita
1066 4041 1212 4106 curtum
1249 4057 1323 4128 quo

371 4157 495 4246 posset
517 4148 645 4222 laedere
670 4147 798 4222 faciem
815 4148 977 4237 Thomas,
996 4157 1032 4221 et
1058 4148 1144 4220 hinc
1169 4148 1323 4221 horribi-

372 4266 455 4339 liter
477 4267 557 4362 ipso
581 4265 817 4353 exclamante,
837 4266 935 4360 regio
957 4272 1137 4360 praecepto
1161 4263 1323 4336 duellum
