3110 5026
243 655 319 712 nn.
339 599 461 730 1350]
496 664 540 712 nn
561 663 687 712 sanna
707 663 754 710 on
775 663 1015 712 swrunnorrn.
1118 642 1191 720 205

241 789 339 882 quod
365 789 485 885 capita
512 798 549 862 et
577 789 748 870 humeros
779 814 879 862 more
909 788 1016 862 solito
1047 812 1191 864 exerere

237 915 314 974 non
345 904 438 989 ausi,
470 904 555 976 solis
589 903 756 977 manibus
790 905 932 991 erectiS,
947 923 949 928 ’
965 904 1028 991 sed
1061 928 1134 976 non
1168 929 1190 976 a

239 1020 453 1116 sagittarum
480 1021 556 1092 acie
583 1021 731 1105 securis,
755 1045 842 1093 saxa
869 1045 942 1094 non
965 1023 1042 1116 jam
1069 1020 1187 1116 proje-

239 1145 379 1222 cerunt,
398 1136 461 1209 sed
479 1136 693 1208 dimiserunt
713 1135 841 1207 cadere
864 1137 986 1231 potius
1009 1137 1048 1207 in
1071 1137 1190 1231 perni-

238 1251 332 1326 ciem
348 1277 499 1324 suorum
517 1275 627 1347 quam
648 1260 857 1323 nostrorum
878 1252 1028 1324 ruitura.
1083 1251 1189 1324 Tunc

238 1369 353 1440 scalas
377 1367 565 1442 conscensi
587 1366 703 1439 nostri
725 1367 763 1439 in
787 1366 982 1462 Hesperias
1005 1387 1115 1438 naves
1140 1368 1188 1438 ir*

236 1491 390 1556 ruerunt
407 1482 535 1578 gladiis
558 1490 594 1554 et
617 1482 804 1554 securibus
822 1481 947 1554 obvios
965 1491 1187 1570 truncantes,

237 1608 274 1671 et
308 1599 345 1671 in
379 1597 480 1671 brevi
508 1622 596 1670 vasa
624 1600 732 1694 plena
758 1598 944 1694 Hispanis,
971 1598 1186 1687 vacuabant,

236 1722 344 1810 atque
377 1722 531 1788 vacuata
567 1714 754 1810 replebant
787 1714 963 1810 Anglicis,
999 1736 1188 1810 quousque

235 1831 353 1904 noctis
377 1830 508 1903 invidae
530 1830 687 1905 tenebris
712 1830 904 1928 superfusi,
922 1855 997 1904 non
1019 1839 1187 1926 poterant

233 1947 355 2019 videre
385 1956 530 2021 caeteras
561 1946 621 2022 27.
682 1947 737 2020 Ibi
763 1948 915 2021 vidisses
945 1948 1120 2044 sanguine
1150 1956 1186 2021 et

231 2063 382 2136 cerebro
405 2088 514 2136 naves
536 2065 653 2160 pictas
678 2064 844 2136 demiono
871 2064 1020 2159 sagittas
1045 2063 1084 2135 in
1108 2088 1185 2136 ma-

233 2178 290 2266 lis,
307 2180 409 2266 velis,
434 2180 638 2253 temonibus
662 2187 698 2252 et
721 2180 847 2252 castris
871 2179 1012 2265 infixae,
1036 2179 1081 2250 de
1103 2179 1185 2251 vul·

233 2295 380 2368 neribus
408 2305 638 2367 mortuorum
671 2295 875 2389 sagittarios
906 2295 1054 2388 sagittas
1084 2295 1184 2366 colli-

233 2420 372 2507 gentes,
397 2419 436 2482 et
461 2409 652 2505 imprecari
677 2409 741 2481 sed
765 2408 961 2495 incassum,
986 2409 1185 2480 crastinum

233 2528 370 2599 bellum
395 2527 656 2599 renovandum.
709 2524 970 2598 Anchorarunt
995 2523 1122 2611 nostri,
1141 2526 1185 2598 de

233 2643 358 2739 praelio
393 2651 537 2739 sperato
571 2641 782 2739 cogitantes
818 2644 870 2716 nil
904 2643 1014 2716 fuisse
1046 2642 1184 2716 facturn

234 2761 321 2833 dum
361 2760 460 2833 aliud
499 2758 678 2856 superfuit
712 2759 920 2832 faciendum
953 2759 1184 2846 aestimantes

232 2879 441 2950 vulneratos
465 2885 646 2964 curantes,
663 2876 790 2973 inopes
812 2876 998 2972 Hispanos
1021 2883 1184 2948 mortuos

233 3002 270 3067 et
295 2994 485 3090 languidos
510 2994 549 3066 in
575 3017 673 3066 mare
699 2993 943 3089 projicientes
963 2991 1043 3064 cibo
1067 2999 1103 3063 et
1126 3014 1184 3064 so·

232 3134 320 3205 pore
353 3133 392 3182 se
425 3117 640 3194 recreantes,
674 3132 742 3181 nec
773 3109 894 3180 minus
927 3108 1070 3203 vigilem
1104 3131 1185 3181 cus-

230 3227 370 3299 todiam
397 3226 542 3299 armatis
570 3225 737 3298 manibus
765 3225 1043 3299 committentes.
1096 3224 1185 3298 Post

232 3345 349 3416 noctis
367 3343 551 3416 silentium
574 3366 705 3416 aurora
726 3341 954 3438 procedente,
974 3340 1120 3438 Anglici
1138 3342 1184 3414 ad

232 3459 382 3532 classica
405 3483 510 3546 nova,
536 3459 598 3531 sed
621 3459 756 3532 fmstra
778 3457 980 3556 praeparati,
1006 3459 1115 3546 tubis,
1140 3459 1183 3529 li-

231 3573 305 3647 tuis
322 3582 360 3646 et
375 3598 488 3647 musae
507 3576 677 3648 cornibus
699 3600 783 3649 suos
807 3577 852 3648 ad
876 3599 975 3648 arma
998 3575 1182 3648 concitan-

231 3699 298 3776 tes,
328 3689 396 3763 sub
423 3691 584 3787 pleniore
613 3693 695 3764 luce
725 3693 811 3766 solis
838 3693 1053 3787 emergentis
1084 3717 1182 3766 mare

231 3808 467 3903 contemplati
492 3807 628 3880 nullius
654 3808 864 3881 resistentia
891 3808 1033 3905 signum
1060 3833 1184 3905 perce·

230 3932 376 4019 perunt,
393 3948 524 4030 nempe
542 3922 590 3998 27
609 3947 718 3996 naves
737 3933 815 3998 toto
833 3925 916 3998 nisu
937 3925 1115 4021 fugientes
1138 3924 1181 3995 de

231 4049 350 4127 nocte,
362 4040 486 4116 decem
503 4050 540 4113 et
557 4049 696 4137 septem
713 4066 799 4114 vero
817 4041 989 4137 spoliatas
1006 4039 1100 4134 regis
1117 4064 1180 4111 vo-

229 4155 362 4228 luntati
386 4156 621 4254 reliquerunt,
649 4158 712 4231 sed
738 4158 850 4231 invite
877 4155 982 4229 rediit
1009 4154 1179 4251 Angliam

230 4296 294 4346 rex
325 4296 408 4345 cum
438 4274 637 4371 triumpho,
668 4275 731 4348 sed
761 4299 909 4370 magno¹
928 4273 1090 4371 periculo
1125 4274 1182 4347 sui
