3136 5016
369 606 416 681 74
630 626 851 677 cneorueou
871 627 1055 676 suerrum
1123 606 1321 696 [n.n.l324

368 756 598 848 resuscitaret
624 779 792 851 guerram
816 755 1039 842 intestinam,
1066 755 1164 828 unde
1190 781 1321 830 consu-

368 872 528 945 lentibus
546 871 645 967 quod
666 872 784 943 filium
806 871 884 966 ejus
907 872 1069 943 mitteret
1091 873 1246 968 praebuit
1268 898 1324 946 as-

371 1011 530 1061 sensum.
582 986 684 1061 Fecit
713 987 836 1082 itaque
868 1011 933 1060 rex
965 987 1116 1083 praefato
1145 988 1221 1062 filio
1256 1013 1325 1062 suo

371 1103 534 1178 chartam
550 1085 555 1092 '¹
563 1103 607 1176 de
636 1103 795 1200 praefatis
826 1103 962 1177 ducatu
989 1114 1026 1176 et
1054 1105 1231 1178 comitatu
1259 1105 1323 1178 ha·
1433 1175 1437 1182 ,
1556 1137 1557 1148 ’

370 1220 498 1294 bendis
516 1228 552 1292 et
569 1219 734 1292 tenendis
757 1218 826 1291 sibi
849 1227 886 1290 et
909 1218 1102 1292 heredibus
1125 1221 1213 1308 suis,
1232 1221 1324 1316 regi-

301 1407 310 1424 ,
371 1339 441 1411 bus
458 1337 675 1433 Anglorum,
700 1335 836 1408 addens
863 1335 964 1430 quod
988 1335 1019 1407 si
1043 1346 1147 1433 patre
1173 1361 1240 1409 suo
1266 1361 1326 1410 su-

372 1454 534 1551 perstite,
564 1453 661 1526 filius
690 1460 904 1538 moreretur,
939 1451 1074 1548 praedia
1105 1452 1255 1549 praesata
1287 1453 1326 1526 in

372 1571 487 1667 patris
505 1568 707 1642 dominium
724 1577 957 1654 reverterent,
976 1591 1107 1643 cavens
1130 1569 1240 1643 etiarn
1262 1594 1327 1666 per

375 1683 549 1779 quasdam
566 1680 768 1753 additiones
793 1703 839 1752 ne
862 1703 926 1751 rex
949 1679 1109 1754 Franciae
1130 1691 1256 1778 posset
1272 1683 1326 1778 ip-

375 1822 457 1872 sum
473 1795 694 1869 Edwardum
710 1795 892 1884 maritare,
911 1787 974 1868 aut
994 1797 1109 1870 tutori
1129 1799 1205 1871 sive
1225 1823 1328 1872 cura·

375 1914 447 1988 tori
469 1913 639 2008 cuiquam
662 1912 885 1985 submittere
938 1912 1028 1986 Haec
1054 1914 1233 1988 ordinatio
1258 1915 1328 1988 fuit

375 2031 471 2102 facta
487 2054 532 2102 ex
550 2051 730 2103 consensu
747 2031 980 2126 praelatorum
999 2040 1037 2104 et
1057 2031 1211 2104 aliorum
1227 2033 1328 2129 regni

376 2146 554 2219 nobilium
571 2146 669 2241 apud
690 2145 899 2234 Doveriam‚
918 2147 957 2218 in
980 2147 1138 2220 crastino
1160 2149 1328 2220 nativita-

376 2261 423 2335 tis
440 2261 553 2334 beatae
574 2260 714 2349 Mariae,
733 2286 829 2334 anno
850 2261 952 2358 regni
972 2263 1066 2358 regis
1089 2267 1250 2350 18vo,et
1272 2263 1329 2335 die

375 2377 480 2451 Jovis
503 2379 687 2474 sequente,
711 2379 995 2475 praenominatus
1015 2380 1215 2453 Edwardus
1236 2379 1328 2474 regis

376 2495 639 2591 primogenitus
667 2495 780 2590 coepit
807 2495 1007 2590 enavigare,
1039 2496 1175 2569 habens
1206 2521 1329 2569 secum

376 2611 437 2684 W.
458 2613 672 2710 episcopum
694 2611 846 2686 Exoniae
868 2622 905 2684 et
927 2612 1016 2686 ahos
1039 2613 1179 2686 nobiles
1201 2613 1240 2685 in
1263 2637 1330 2686 nu-

377 2753 476 2802 mero
501 2729 734 2826 competenti.
786 2729 928 2802 Exinde
946 2730 1042 2802 circa
1057 2731 1193 2804 festum
1216 2732 1331 2804 sancti

377 2845 557 2939 Matthaei,
589 2845 675 2918 fecit
705 2845 918 2940 homagium
947 2848 1129 2920 avunculo
1159 2872 1226 2920 suo
1256 2848 1331 2944 regi

377 2961 549 3049 Franciae,
570 2963 637 3034 sub
654 2963 976 3056 protestationibus
994 2964 1101 3038 factis
1118 2988 1163 3036 ex
1180 2970 1331 3062 utraque

378 3087 493 3174 perte.

328 3215 330 3218 ·
429 3192 631 3288 Completis
657 3194 812 3288 negotiis
837 3220 905 3292 pro
928 3197 1058 3294 quibus
1082 3198 1120 3270 in
1143 3196 1332 3270 Franciam
1436 3183 1440 3189 ¹
1556 3195 1557 3280 ἶ

379 3308 491 3381 missa
509 3307 628 3380 iuerat
650 3309 786 3403 regina,
806 3313 929 3384 statim
952 3324 1036 3410 post
1058 3314 1193 3386 festum
1217 3314 1332 3386 sancti

380 3427 571 3499 Michaelis
590 3425 735 3522 scripsit
752 3428 820 3501 sibi
837 3430 915 3525 ejus
932 3430 1097 3517 maritus,
1121 3430 1332 3527 praecipiens

382 3542 481 3640 quod
506 3543 622 3614 filium
636 3561 757 3616 ‘suum
782 3546 821 3617 in
840 3546 1010 3642 Angliam
1035 3547 1223 3621 reduceret
1248 3568 1333 3619 curn

382 3659 621 3734 festinatione.
650 3660 850 3759 Rescripsit
863 3662 942 3760 ipsa
954 3663 1096 3749 mulier,
1107 3664 1206 3760 quod
1219 3663 1334 3735 domi·

382 3800 452 3849 nus
465 3801 529 3849 rex
541 3777 701 3851 Franciae
717 3779 828 3853 srater
845 3803 932 3853 suus
949 3780 1062 3852 nimia
1074 3780 1223 3853 caritate
1236 3780 1334 3853 fove-

383 3904 439 3966 ret
450 3896 532 3968 illos
544 3904 580 3968 et
594 3919 718 3968 secum
730 3896 864 3970 invitos
876 3896 1064 3985 detineret,
1075 3897 1173 3970 unde
1185 3897 1336 3969 remissa

383 4035 515 4106 magna
537 4021 641 4108 parte
663 4013 853 4108 utriusque
870 4012 1026 4100 familiae,
1044 4013 1217 4085 residium
1238 4012 1336 4084 illius

383 4129 468 4200 anni
481 4136 579 4201 certa
591 4131 737 4226 negotia
752 4153 819 4225 pro
833 4129 1021 4224 quibusex
1034 4128 1235 4201 intentione
1251 4151 1336 4224 pro-

241 4261 245 4266 ·
384 4244 610 4318 ficiscebatur
627 4246 706 4342 ipsa
723 4245 907 4340 transegit.
953 4245 1013 4317 W.
1033 4246 1226 4343 episcopus
1238 4245 1336 4319 Exo-
