3110 5026
261 633 337 682 nn.
356 608 481 701 1356.]
526 631 571 680 nn
592 631 720 680 nnnnn
738 630 786 680 nn
805 631 1046 682 swinnnonn.
1136 609 1206 684 271

260 755 409 831 Gallicis
451 758 549 855 apud
591 756 747 832 Mirabel
789 758 1072 847 demorantibus,
1116 759 1212 833 inter

257 875 392 970 oppida
420 874 570 970 praesuta
598 897 670 970 pax
699 874 818 947 finalis
847 875 1086 948 ordinaretur.
1140 874 1212 948 Sed

257 1013 304 1062 nc
342 991 420 1063 sine
457 989 597 1063 domini
631 990 725 1085 regis
760 990 817 1062 sui
850 992 964 1086 patris
996 990 1213 1066 auctoritate

257 1105 483 1201 beneplacita
522 1103 609 1176 talia
645 1103 814 1199 princeps
848 1112 1031 1191 tractaret,
1067 1104 1213 1201 scripsit

257 1221 291 1292 ci
324 1243 449 1292 veram
478 1219 607 1292 seriem
636 1227 822 1314 gestorum
852 1243 918 1314 per
945 1219 1043 1292 viros
1075 1220 1212 1292 ordinis

257 1334 434 1422 militaris,
462 1333 628 1406 dominos
653 1331 741 1404 Neil
765 1333 810 1405 de
836 1331 1002 1431 [eheryn
1029 1341 1066 1405 et
1093 1332 1212 1429 Roge-

258 1475 339 1523 rum
366 1449 590 1536 Totesforde,
619 1449 719 1521 nulla
748 1456 871 1520 tamen
900 1473 972 1545 pax
1002 1457 1128 1544 optata
1157 1473 1212 1521 se-

259 1567 436 1661 quebatur
452 1590 518 1662 per
535 1565 626 1638 duos
644 1587 758 1637 annos
776 1564 949 1638 continue
966 1572 1167 1659 sequentes.
1190 1625 1204 1658 ,ν

270 1869 375 1918 FINIS
394 1870 517 1920 ISTIUS
536 1871 711 1921 CRONICAE
731 1869 989 1920 CONTINENTIS
1009 1870 1120 1922 lionis
1140 1844 1200 1919 47.

309 2661 481 2736 Noni.-
489 2660 607 2736 Codes
622 2661 838 2737 Bodleionus
856 2664 1025 2739 adimam
1043 2667 1212 2762 popinam

263 2778 329 2851 141
353 2782 382 2865 b,
402 2782 503 2853 babet
526 2781 726 2876 sequeutia:
753 2784 816 2853 sed
840 2780 895 2853 cui
920 2783 994 2854 loco
1020 2783 1134 2874 operis
1157 2783 1211 2853 in-

259 2899 407 2968 serenda
443 2898 525 2984 sint,
557 2897 683 2988 fatcor
721 2922 774 2969 me
811 2898 1213 2995 nescire-“proeliatu-
1284 2961 1287 2966 .

260 3035 353 3084 rum.
418 3011 494 3084 Ubi
535 3013 719 3109 dispositis
741 3027 743 3030 ’
763 3014 910 3086 domino
944 3013 1214 3087 Bartholomaeo

260 3125 518 3223 Bourghasche
545 3135 581 3200 et
608 3128 686 3200 aliis
714 3129 760 3201 ad
786 3129 1055 3202 incendendum
1082 3128 1212 3202 subur-

258 3243 360 3317 bium
392 3243 573 3332 Turoniae,
608 3244 769 3341 quolibet
802 3245 916 3319 trium
935 3245 1091 3319 ¹dicrum
1127 3253 1212 3342 post
1279 3291 1280 3296 ,

260 3359 412 3456 incoepti
439 3359 579 3433 itineris
615 3360 756 3432 clarum
789 3368 936 3457 tempus
966 3367 1004 3432 ct
1033 3360 1210 3455 quietum,

259 3474 412 3570 incoepit
447 3483 574 3548 tonare
608 3485 645 3548 et
678 3476 814 3549 coelum
851 3475 903 3548 ita
941 3475 1212 3560 contenebrans,

260 3590 359 3686 quod
387 3589 465 3662 sine
499 3591 610 3663 dubio
640 3591 772 3665 merito
801 3592 918 3665 sancti
947 3591 1101 3665 Martini
1128 3613 1212 3663 cus-

259 3704 356 3777 todis
381 3703 538 3778 civitatis
563 3705 786 3780 Turonensis
811 3707 936 3780 hostes
958 3707 1131 3804 prohibiti
1156 3705 1213 3777 fu-

259 3831 366 3896 erunt
392 3846 415 3894 a
439 3822 534 3895 villae
560 3823 995 3916 combustione.''—Vide
1014 3849 1099 3920 pap.
1123 3823 1210 3909 250,

260 3938 284 4008 l.
304 3940 364 4012 20.
382 3940 442 4013 ubi
459 3941 610 4014 ocutrrit
625 3965 691 4015 vos
706 3940 966 4038 praeliaturum.
