3118 5008
365 607 434 676 118
618 621 845 672 onnourcon
866 623 1051 672 anurnnu
1097 602 1191 692 [nn.
1210 603 1320 674 1332.

361 753 579 827 victualibus
606 751 737 825 referta
762 751 981 838 crederetur,
1001 751 1065 823 sed
1091 751 1249 824 ordinati
1276 753 1323 824 ad

363 870 483 944 taliter
500 869 624 941 villam
646 868 935 955 restaurandum,
954 891 1020 964 per
1042 869 1238 943 continuos
1259 870 1322 941 ob-

364 1002 521 1062 sessores
539 995 576 1059 et
593 986 673 1058 illos
687 986 732 1058 de
748 985 941 1082 posteriori
958 986 1125 1058 custodia
1142 987 1324 1060 exercitus
1361 985 1362 990 ’

364 1105 512 1178 fuerunt
535 1103 718 1190 trucidati,
737 1112 773 1175 et
791 1128 812 1174 a
831 1102 987 1200 panibus
1009 1127 1136 1176 eorum
1153 1103 1323 1200 spoliati;

365 1222 503 1294 divisus
534 1228 590 1294 cst
617 1221 662 1293 ab
688 1219 854 1315 Anglicis
884 1243 972 1294 suus
999 1221 1192 1308 exercitus,
1222 1230 1324 1316 parte

366 1336 546 1411 obsidioni
564 1336 818 1411 continuanda
838 1336 1022 1432 deputata,
1042 1337 1111 1409 alia
1133 1336 1268 1409 iterum
1285 1337 1323 1408 in

366 1463 505 1528 turmas
532 1454 659 1541 divisa,
684 1456 731 1527 ad
757 1452 979 1525 obviandum
1006 1451 1126 1525 Scotis
1153 1475 1323 1549 superve-

368 1553 551 1644 nientibus
574 1579 786 1668 praeparata.
840 1569 897 1642 Ibi
914 1569 1041 1642 didicit
1064 1593 1086 1641 a
1109 1568 1229 1642 Sectis
1245 1566 1324 1641 An-

367 1689 513 1784 glorum
538 1686 760 1781 generositas
787 1685 985 1758 dextrarios
1008 1709 1192 1759 reservare
1214 1710 1324 1758 vena-

370 1803 461 1876 tioni
488 1801 718 1896 fugientium,
746 1810 783 1874 et
809 1812 936 1876 eontra
966 1803 1158 1899 antiquum
1186 1826 1325 1875 morem

371 1943 521 1992 suorum
539 1926 698 2014 patrum,
720 1919 830 2015 pedes
853 1943 1026 2015 pugnare.
1079 1919 1124 1990 In
1146 1919 1327 2016 principio

371 2034 578 2108 certaminis
608 2035 835 2108 exercituum
865 2059 975 2133 super
1003 2035 1186 2108 Halidone
1215 2034 1325 2123 Heol,

371 2152 532 2224 obviavit
556 2151 704 2247 quidam
727 2153 870 2224 satelles
892 2177 1034 2248 magnae
1051 2161 1211 2240 staturae,
1231 2161 1268 2225 et
1285 2161 1327 2226 ut

372 2271 463 2342 alter
484 2267 623 2355 Golias,
640 2269 679 2341 in
704 2293 836 2365 magna
853 2270 988 2343 virtute
1010 2270 1188 2366 corporali
1210 2270 1327 2367 majo-

373 2409 451 2458 rem
468 2409 578 2481 quam
594 2385 634 2459 in
649 2385 730 2458 Deo
746 2385 884 2460 habens
902 2387 1171 2476 confidentiam,
1185 2388 1327 2460 medius
1404 2459 1408 2466 .

371 2502 467 2596 inter
485 2502 664 2576 exercitus
683 2502 898 2590 consistens,
913 2504 1075 2600 singulos
1089 2487 1264 2600 Anglicos
1283 2505 1328 2576 ad

373 2619 667 2698 monomachiam
680 2620 904 2716 provocavit,
919 2621 982 2717 qui
995 2622 1040 2694 ab
1054 2621 1185 2694 effectu
1201 2620 1328 2694 “tauri

373 2738 531 2824 versor,''
558 2736 713 2832 Anglice
740 2742 762 2772 “
776 2745 883 2810 turne
905 2737 1012 2810 bole''
1029 2739 1239 2811 vocabatur.
1295 2737 1327 2808 E

374 2863 502 2926 contra
535 2853 706 2926 dominus,
739 2852 921 2927 Robertus
956 2854 1001 2926 de
1034 2853 1184 2941 Venale,
1224 2855 1329 2927 miles

368 2972 523 3072 'quidam
545 2969 889 3059 Northlolchiensis,
913 2971 1028 3068 petita
1053 2972 1330 3067 genuflectendo

375 3084 469 3179 regis
490 3083 753 3171 benedictione,
772 3110 857 3158 cum
881 3086 1000 3182 gladio
1023 3096 1060 3160 et
1083 3089 1180 3184 pelte
1205 3088 1329 3184 gigan·

375 3210 452 3274 tem
468 3223 672 3295 aggressus
690 3201 880 3294 cujusdam
897 3203 993 3300 nigri
1008 3204 1169 3290 molossi,
1187 3206 1251 3301 qui
1267 3205 1330 3278 ad-

376 3314 577 3390 versarium
606 3316 860 3404 comitabatur,
887 3328 923 3392 et
953 3320 1075 3417 ipsum
1103 3319 1332 3418 rapidissime

378 3455 464 3505 cum
481 3431 601 3527 gladio
618 3433 781 3528 praecidit
798 3419 942 3510 lumbos
960 3460 981 3508 a
999 3436 1107 3509 dorso
1124 3437 1329 3510 dividendo.

378 3547 511 3620 Acrius
545 3549 697 3645 proinde
732 3552 796 3624 sed
827 3552 1020 3626 vecordius
1054 3553 1186 3627 institit
1221 3555 1333 3627 occisi

379 3663 478 3736 canis
512 3665 696 3762 magister,
732 3669 838 3766 cujus
871 3694 1048 3765 pugnum,
1073 3670 1262 3744 sinistrum
1289 3649 1332 3751 'er

378 3790 506 3879 postea
552 3795 664 3882 caput
710 3787 915 3883 amputavit
957 3788 1072 3861 miles.
1144 3787 1332 3861 Continuo
1377 3837 1383 3844 -

380 3899 667 3995 congrediuntur
706 3914 828 4001 partes
864 3906 1034 3994 adversae,
1075 3929 1158 4001 rege
1195 3905 1332 4001 Anglo-
1371 3995 1375 4004 .

379 4041 463 4090 rum
497 4041 583 4092 suos
614 4020 796 4117 sapienter
830 4030 940 4118 atque
974 4022 1117 4096 decenti
1150 4022 1333 4096 hilaritate

380 4133 619 4224 confortante,
633 4139 696 4211 sed
708 4139 770 4213 vix
787 4165 853 4238 per
869 4141 1025 4214 mediam
1043 4141 1172 4214 horam
1183 4139 1254 4212 diei
1271 4163 1333 4212 na-

379 4256 507 4330 turalis
524 4257 713 4334 atrocitate
730 4260 924 4356 utrobique
941 4257 1199 4347 resistentium,
1215 4256 1336 4332 Sectis
