3118 5008
379 646 426 719 92
637 667 863 716 onnonuoou
882 667 1067 716 annorum
1117 645 1331 738 [n.n.132t‘a

376 820 466 882 rem,
497 819 618 868 servos
645 805 682 868 et
708 796 867 880 ancillas,
893 795 1075 869 honorum
1101 807 1138 871 et
1163 801 1332 874 utilitatis

376 911 537 984 dominio
560 912 723 1008 privatus
747 912 952 1008 expectavit
975 937 1130 1008 regnum
1154 925 1331 989 aeternum

374 1053 442 1125 pro
472 1037 626 1102 terreno,
680 1029 786 1101 Uxor
813 1030 891 1123 ejus
919 1027 1072 1102 Isabella
1099 1031 1330 1126 impatienter

374 1144 490 1215 ferens
509 1144 607 1240 quod
623 1145 699 1217 vita
717 1145 774 1217 sui
790 1143 923 1231 mariti,
942 1169 1050 1240 quem
1074 1146 1228 1218 nimium
1251 1148 1329 1220 odi-

374 1260 440 1344 vit,
458 1270 534 1333 erat
550 1261 602 1334 ita
619 1261 681 1334 diu
699 1263 887 1357 protelata,
904 1261 1138 1357 conqueritur
1154 1264 1328 1357 magistro

374 1399 440 1448 suo
458 1376 741 1465 Herefordiensi,
760 1377 900 1472 fingens
921 1375 988 1448 sibi
1011 1377 1152 1449 somnia
1172 1379 1327 1474 pessima

372 1492 623 1591 interpretatu,
642 1495 740 1569 unde
762 1495 857 1567 sicut
878 1517 963 1565 vera
984 1494 1088 1581 dixit,
1111 1495 1179 1568 sibi
1202 1496 1325 1570 timuit

374 1633 420 1682 ne
439 1611 496 1682 vir
518 1634 619 1696 suus,
638 1611 832 1706 aliquando
853 1610 1020 1704 dignitati
1040 1611 1203 1706 pristinae
1223 1613 1327 1686 resti-

320 1713 323 1722 *
373 1735 487 1813 tutus
506 1727 625 1822 ipsam
641 1736 828 1822 tamquam
845 1727 1079 1823 proditricem
1097 1729 1241 1824 ignibus
1262 1739 1325 1803 aut

371 1842 536 1914 servituti
554 1852 737 1939 perpetuae
755 1844 953 1915 damnaret.
993 1842 1197 1940 Episcopus
1215 1844 1324 1917 etiam

370 1958 463 2028 laesae
481 1959 587 2051 regiae
604 1959 803 2054 majestatis
829 1959 898 2032 sibi
921 1961 1089 2034 conscius
1110 1961 1233 2033 timuit
1254 1961 1324 2034 hoc

370 2071 468 2143 idem
494 2074 593 2168 quod
619 2075 781 2147 isabella.
834 2075 1004 2148 Aboram
1031 2100 1106 2148 non
1131 2077 1250 2149 minus
1277 2079 1324 2152 ob

369 2189 519 2261 eandem
544 2215 691 2264 causam
717 2192 972 2266 intendebatur
992 2203 1124 2280 metus
1143 2218 1233 2289 quos
1260 2195 1322 2267 ad-

368 2329 495 2380 versus
525 2306 727 2380 Dominum
758 2318 795 2381 et
824 2310 996 2383 adversus
1027 2309 1212 2382 Christum
1243 2312 1321 2407 ejus

368 2421 531 2495 diabolus
553 2423 824 2498 confoederavit.
877 2426 1018 2499 Placuit
1036 2451 1122 2523 ergo
1139 2452 1213 2499 non
1230 2451 1319 2523 pau-

367 2538 419 2610 cis
441 2540 631 2635 utriusque
653 2563 761 2613 sexus
783 2564 922 2637 magnae
949 2541 1146 2636 dignitatis,
1170 2551 1245 2614 tam
1263 2565 1320 2614 ec-

367 2655 576 2729 clesiasticae
607 2663 730 2752 quam'
747 2658 930 2744 secularis
963 2658 1060 2754 quod
1090 2681 1198 2730 causa
1227 2659 1320 2729 tanti

367 2782 487 2846 metus
510 2773 604 2847 foret
629 2799 714 2846 cum
735 2773 913 2847 Eduardo
937 2775 1127 2870 consopita
1148 2799 1256 2870 quem
1277 2783 1320 2847 ut

367 2890 520 2986 quisque
540 2890 725 2963 metuebat
746 2891 863 2984 perire
887 2891 1107 2986 concupivit.
1160 2890 1318 2963 Mittun-

367 3014 428 3077 tur
456 3008 569 3100 igitur
592 3005 706 3076 literae
732 3005 981 3100 increpatoriae
1008 3007 1219 3080 custodibus
1245 3007 1317 3079 Ed·

364 3120 475 3190 wardi
497 3119 797 3191 calumniantium
820 3121 1047 3193 fallacissime
1071 3124 1168 3216 quod
1194 3124 1316 3196 remis-

366 3235 440 3307 sius
467 3257 576 3328 quam
602 3234 773 3306 deberent
798 3236 920 3330 ipsum
942 3236 1179 3323 custodirent,
1203 3248 1240 3311 et
1263 3241 1319 3313 ni-

365 3349 435 3421 mis
479 3339 629 3422 delicate
672 3348 916 3423 confoverent.
978 3351 1173 3425 Intimatur
1209 3356 1317 3428 etiam

349 3465 498 3537 ‘eisdem
521 3465 583 3536 sed
605 3464 813 3562 semiplene,
835 3469 933 3563 quod
956 3467 1124 3540 Edwardi
1149 3471 1317 3545 interitus

364 3590 427 3653 aut
455 3581 628 3653 naturalis
654 3590 717 3654 aut
742 3583 921 3657 violenter
945 3585 1190 3659 indifferenter
1216 3612 1315 3662 com-

363 3698 531 3794 placeret.
583 3698 657 3771 Hic
676 3700 822 3796 vigebat
845 3702 1151 3798 sophismatarum
1176 3704 1316 3776 fallacia

363 3814 538 3887 hactenus
562 3840 627 3911 per
649 3817 860 3915 episcopum
878 3819 941 3914 qui
958 3820 1122 3915 scripsit:
1150 3819 1316 3892 Enwan-

364 3955 449 4002 nun
469 3955 656 4002 occrnnan
676 3957 813 4005 Nonrrn
832 3957 976 4006 rmnan
995 3957 1131 4007 nouum
1151 3959 1225 4008 nsr.

413 4047 497 4121 Hoc
514 4048 699 4145 sophisma
723 4050 762 4121 in
783 4050 872 4122 duas
893 4053 1160 4148 propositiones
1178 4053 1313 4126 resolu-

362 4177 453 4252 tum,
479 4191 633 4263 quarum
660 4167 778 4263 prima
804 4177 946 4241 constet
973 4193 1017 4240 ex
1046 4170 1161 4243 tribus
1188 4170 1313 4265 primis

206 4356 212 4367 .
361 4280 538 4368 terminis,
556 4283 723 4356 videlicet
739 4283 841 4359 istis:
872 4291 894 4324 ‘⁶
908 4285 1125 4362 Edwardum
1148 4285 1312 4357 occidere
