3110 5026
249 645 323 698 run.
336 623 460 717 lars]
505 647 550 696 na
570 641 698 696 aruns
718 644 766 694 nu
786 643 1027 694 swruauoxn.
1128 623 1197 694 185

247 775 480 863 confirmatis,
499 775 634 871 quippe
650 771 807 870 generali
824 772 1031 869 pestilentia
1046 781 1200 867 urgente

247 891 467 978 necessariis,
491 914 556 964 rex
578 890 771 963 edificavit
786 889 917 962 turrim
934 889 1030 961 inter
1046 911 1145 961 mare
1162 895 1200 960 et

246 1015 393 1102 portum
411 1005 555 1094 Calesii,
580 1008 626 1080 ad
640 1005 932 1102 prohibitionem
953 1005 1111 1077 insultus
1134 1028 1199 1077 na·

246 1121 336 1195 valis
353 1146 419 1218 per
434 1123 614 1210 inimicos,
632 1131 671 1195 et
686 1120 846 1218 praesecit
863 1121 1093 1215 capitaneum
1112 1121 1199 1222 civi-

247 1237 313 1310 tati
347 1237 538 1310 dominum
567 1236 749 1310 Joannem
783 1236 828 1308 de
862 1234 1131 1332 Montgomery‚
1162 1245 1199 1310 et

247 1351 378 1425 deinde
407 1353 590 1426 adducens
624 1353 785 1447 reginam
814 1360 851 1425 et
881 1373 989 1423 snum
1014 1351 1199 1448 primoge-

247 1467 379 1557 nitum,
414 1469 586 1565 aliquam
609 1490 754 1564 quoque
796 1467 966 1562 magnam
1008 1475 1232 1563 procorum*

247 1584 532 1673 multitudinem,
550 1607 676 1658 versus
692 1583 865 1679 Angliam
886 1605 995 1655 suum
1015 1581 1201 1678 navigium

248 1699 453 1775 destinavit.
506 1699 551 1772 In
568 1700 660 1772 mari
676 1707 816 1773 tantam
832 1699 1046 1772 revertendo
1072 1720 1201 1794 passus

247 1825 303 1890 est
329 1840 425 1890 aurae
451 1816 714 1914 intemperiem,
734 1815 838 1912 ¹quod
863 1816 989 1887 multae
1017 1817 1140 1886 naves:
1155 1838 1201 1887 ex

249 1932 323 2006 suis
348 1934 544 2030 perierunt,
564 1943 601 2008 et
623 1933 701 2030 ipse
724 1935 789 2010 rex
812 1956 897 2006 cum
921 1933 1080 2004 maximo
1105 1931 1200 2027 peri-

249 2052 331 2124 culo
347 2076 512 2129 reversus
534 2063 601 2146 est,
627 2051 855 2128 londoniam
872 2052 1076 2150 applicatus
1094 2075 1200 2148 quar-

248 2167 427 2245 todecimo
444 2172 502 2244 die
520 2170 703 2245 Octobris.
882 2161 884 2165 ¹
943 2226 945 2230 -

297 2284 408 2360 Anno
429 2287 571 2361 Christi
589 2291 696 2375 1348,
723 2289 818 2382 regis
843 2310 939 2359 anno
964 2289 1025 2373 22,
1053 2285 1202 2376 domino

248 2423 332 2495 rege
354 2402 393 2474 in
410 2403 580 2498 Angliam
601 2427 757 2490 reverso,
771 2401 925 2474 adducti
948 2410 1034 2473 sunt
1055 2402 1103 2472 ad
1123 2398 1201 2473 tur-

248 2516 319 2587 rim
336 2515 531 2590 Londoniae
548 2517 667 2592 David
684 2543 748 2591 rex
767 2516 962 2590 Scotorum
979 2526 1015 2588 et
1033 2516 1202 2588 dominus

250 2629 404 2705 Carolus
428 2633 472 2706 dc
494 2633 619 2730 Bloys‚
638 2634 685 2706 ad
707 2632 898 2717 Pascham‚
920 2653 1038 2725 nuper
1060 2630 1099 2701 in
1121 2628 1202 2701 Bri-

249 2749 374 2822 tannia
400 2758 482 2845 post
511 2746 661 2844 magnos
687 2757 723 2821 et
747 2747 971 2845 periculosos
998 2745 1201 2834 conflictus,

249 2888 315 2959 per
331 2865 519 2938 dominum
537 2865 718 2938 Thomam
739 2862 958 2959 Dagworthe
979 2869 1121 2957 captum
1141 2863 1203 2957 qui

249 2988 377 3076 postea
398 3006 463 3077 per
485 2982 621 3055 multos
644 3004 758 3054 annos
781 2986 992 3052 manserunt
1016 2979 1054 3049 in
1072 2977 1204 3072 Anglia

250 3083 460 3171 redimendi.
514 3098 609 3172 Item
642 3097 810 3170 dominus
845 3094 1006 3184 Jacobus
1039 3091 1203 3188 Douglas

251 3213 289 3285 in
305 3215 401 3288 bello
418 3213 591 3288 Dunelmi
609 3223 749 3313 captus
772 3212 1001 3287 londoniam
1018 3234 1104 3283 cum
1120 3233 1203 3306 rege

252 3329 445 3405 Scotorum
462 3334 654 3419 adductus,
679 3330 785 3404 rediit
809 3329 855 3401 ad
877 3351 1004 3425 pacem
1021 3327 1127 3422 regia,
1141 3328 1202 3422 ju-

251 3457 328 3521 rata
352 3450 420 3522 sibi
443 3451 627 3538 fidelitate,
647 3473 756 3544 quem
781 3454 908 3543 postea
933 3445 971 3516 in
996 3442 1202 3516 Marchiam
1345 3473 1352 3486 ·

251 3563 401 3659 pacifice
434 3591 621 3640 reversum
650 3565 858 3636 Willelmus
892 3560 1060 3656 Dowglas
1094 3584 1202 3634 vena-

252 3679 343 3752 tioni
366 3681 560 3754 invitatum
576 3681 774 3777 proditiose
792 3679 957 3774 equitans
981 3702 1002 3750 a
1024 3688 1126 3774 tergo
1149 3679 1203 3751 in·

252 3794 403 3869 terfecit.
456 3796 532 3869 Isto
558 3820 654 3869 anno
679 3805 763 3894 post
790 3795 967 3868 Pascham
993 3819 1057 3867 rex
1084 3795 1202 3867 tenuit

251 3912 459 4000 concilium,
488 3913 551 3986 ubi
580 3922 708 3988 contra
737 3913 922 3986 ministros
956 3935 1030 3984 suae
1059 3909 1203 3982 familiae

252 4015 444 4115 ordinavit{
476 4030 573 4124 quod
602 4030 633 4102 si
662 4031 706 4103 ab
737 4029 857 4126 aliquo
887 4028 1003 4101 invito
1033 4035 1203 4120 caperent

252 4143 424 4216 victualia
449 4145 527 4224 sine
552 4146 730 4220 solutione
757 4145 932 4242 pecuniae,
961 4139 1202 4233 incontinenti

252 4259 335 4349 talis
369 4261 532 4352 minister
561 4274 625 4336 aut
654 4261 833 4358 supplicio
867 4259 965 4332 finali
998 4255 1201 4353 puniretur,
