3118 5008
252 626 326 672 mn.
346 601 468 694 1330.]
499 626 544 673 nr
564 626 691 673 arnna
711 626 758 680 nn
778 625 1020 676 swrnnaonr.
1130 609 1199 679 109

248 755 428 828 eominus
445 757 582 853 populo
604 758 705 854 regni
727 758 924 855 displicuit,
944 760 1042 857 quod
1064 762 1199 834 malam

245 871 372 946 habuit
397 873 581 960 familiam,
609 897 666 947 res
692 876 924 971 popularium
950 902 1016 974 per
1042 878 1198 974 patriam

245 987 445 1060 itinerando
480 989 596 1084 pretio
631 991 742 1086 regali
776 1002 1034 1089 capessentem,
1065 1019 1196 1090 parum

244 1106 302 1176 vel
318 1105 410 1177 nihil
427 1130 493 1200 pro
511 1107 643 1202 emptis
661 1108 851 1181 solventes.

254 1273 262 1283 „
294 1220 377 1294 Hoc
395 1245 490 1293 anno
507 1222 603 1294 circa
620 1223 776 1296 mediam
793 1224 1115 1319 quadragesimam,
1133 1251 1195 1299 va-

242 1336 338 1409 cavit
360 1337 510 1409 ecclesia
532 1337 744 1422 Saresberiae
766 1363 831 1435 per
853 1349 1009 1411 mortem
1031 1341 1195 1436 magistri

242 1452 376 1548 Rogeri
394 1453 438 1525 de
455 1453 672 1540 Mortivaus,
691 1455 751 1527 cui
774 1455 935 1528 ecclesiae
957 1479 1051 1551 papa
1073 1457 1194 1552 provi-

241 1569 295 1642 dit
318 1569 362 1641 de
385 1569 533 1642 domino
557 1570 717 1644 Roberto
740 1570 785 1642 de
806 1570 952 1668 Wyvile
974 1572 1116 1645 notario
1139 1596 1194 1645 re-

240 1685 306 1780 giae
324 1685 461 1758 matris.
509 1685 593 1760 Hoc
610 1710 706 1760 anno
724 1696 870 1761 mortuo
888 1686 1035 1760 domino
1052 1687 1194 1761 Joanne

240 1801 409 1898 episcopo
430 1802 680 1890 Bathoniensi,
699 1805 874 1877 successit
896 1828 961 1900 per
983 1805 1193 1878 canonicam

238 1920 448 1994 electionem
466 1923 637 2018 magister
655 1921 871 2019 Radulphus
889 1922 933 1995 de
952 1921 1107 2019 Salopia
1127 1948 1194 2020 per

240 2037 440 2125 doctorum,
456 2039 696 2125 decretorum,
715 2049 752 2112 et
769 2039 973 2135 theologia,
990 2063 1054 2135 per
1066 2039 1191 2114 'Simo-

238 2177 321 2226 nem
346 2155 658 2252 archiepiscopum
681 2155 981 2229 Cantuariensem
1002 2180 1190 2230 consecra-

237 2279 307 2342 tus.
361 2271 453 2344 Item
474 2272 544 2344 isto
565 2297 661 2345 anno
682 2297 777 2368 papa
796 2272 881 2345 fecit
902 2296 1028 2368 graves
1046 2265 1190 2368 proces·

237 2411 298 2460 sus
325 2389 455 2462 iterato
481 2397 607 2461 contra
634 2387 763 2461 ducem
792 2386 966 2472 Bavariae,
997 2388 1191 2483 imperium

236 2502 484 2577 Romanorum
501 2504 688 2600 tyrannice
704 2513 952 2599 usurpantem.
1002 2502 1077 2574 Isto
1095 2527 1190 2576 anno

240 2621 347 2706 1329,
366 2618 564 2693 Edwardus
590 2620 683 2716 regis
708 2619 971 2717 primogenitus
994 2628 1031 2691 et
1048 2618 1190 2692 Walliae

234 2736 416 2833 princeps,
444 2737 502 2808 die
526 2735 629 2808 Junii
661 2739 705 2807 l5
734 2737 831 2831 apud
856 2734 1081 2807 Wodestoke
1108 2759 1191 2808 nas-

235 2853 383 2925 cebatur
401 2853 445 2924 de
462 2852 631 2948 Philippa
653 2851 787 2947 regina,
805 2851 954 2924 infesto
973 2849 1191 2924 Sanctorum

237 2966 315 3040 Viti
332 2978 368 3040 et
385 2967 556 3040 Modesti.

216 3143 221 3156 .
285 3085 393 3158 Anno
408 3083 557 3158 Domini
578 3083 672 3157 1330
691 3084 805 3181 ipsius
823 3085 916 3181 regis
933 3083 1101 3157 Edwardi
1119 3094 1190 3158 ter-

109 3186 111 3191 ’
235 3201 276 3272 tii
299 3224 394 3274 anno
411 3210 553 3298 quarto,
572 3199 628 3272 die
645 3198 799 3273 Veneris
822 3199 987 3296 proximo
1012 3208 1096 3295 post
1120 3199 1189 3273 ses-

235 3326 313 3388 tum
331 3318 446 3390 sancti
463 3317 584 3404 Lucae,
598 3315 668 3389 suit
685 3316 963 3412 parliamentum
980 3316 1077 3412 apud
1094 3315 1189 3388 Not-

235 3433 410 3528 tingham,
433 3433 497 3505 ubi
522 3432 635 3505 nimio
662 3420 766 3505 fulsit*
791 3431 929 3504 honore
957 3431 1190 3504 marcessibili

237 3573 359 3622 comes
373 3548 559 3634 Marchiae,
573 3548 741 3644 Rogems
755 3549 799 3620 de
816 3547 967 3620 Mortuo
980 3547 1082 3634 mari,
1097 3557 1190 3620 tam-

235 3688 343 3760 quam
367 3663 499 3759 reginae
521 3663 693 3750 Isabellae,
716 3664 764 3735 ad
786 3664 890 3759 cujus
913 3674 1045 3738 nutum
1069 3665 1191 3737 omnia

235 3782 530 3877 disponebantur,
553 3775 782 3854 conciliarius
805 3781 1025 3877 principalis,
1080 3782 1191 3855 Illum

235 3921 308 3970 non
330 3897 402 3970 alio
425 3898 570 3970 nomine
588 3921 696 3993 quam
713 3897 821 3970 titulo
838 3897 980 3970 comitis
1002 3897 1189 3980 Marchiae,

234 4037 343 4086 ausus
360 4023 415 4086 est
432 4014 560 4109 aliquis
577 4014 784 4102 nominare3
809 4015 912 4088 illum
929 4014 1042 4108 major
1061 4012 1189 4107 strepi-

237 4117 295 4200 tus
312 4130 473 4202 virorum
491 4127 731 4203 comitabatur
747 4154 857 4225 quam
872 4149 1065 4225 personam
1083 4125 1187 4218 regie,

234 4231 295 4316 ille
321 4271 411 4341 quos
438 4247 570 4318 amavit
595 4247 798 4332 honoravit,
817 4229 950 4338 regern
974 4239 1188 4337 permittens
