3118 5008
257 612 1027 704 1111332]1111111616611116111.
1135 617 1204 688 119
1319 692 1327 700 ,

255 760 401 858 aliquali
417 787 569 836 numero
587 759 797 861 peremptis,
816 774 852 838 et
874 765 952 860 jam
974 765 1119 837 illorum
1142 765 1206 837 tri-

254 878 322 952 bus
349 880 493 953 aciebus
523 882 562 953 in
588 905 706 954 unum
735 881 935 955 exereitum
965 881 1204 978 conglobatis,

253 998 401 1071 tandem
425 999 670 1072 necessarium
686 999 780 1096 fugae
796 999 1007 1096 praesidium
1018 999 1205 1097 „arripien-

253 1121 391 1200 tearex
402 1123 439 1187 et
449 1115 517 1201 sui,
525 1114 714 1188 dextrariis
726 1116 1116 1216 conscensis,celeriter
1125 1139 1207 1212 per-

254 1230 413 1326 sequuti,
428 1229 638 1318 occidendo,
651 1229 838 1327 capiendo,
853 1231 891 1303 in
908 1240 1039 1328 puteos
1053 1240 1089 1304 et
1105 1230 1207 1305 lacus

252 1345 354 1441 ipsos
366 1345 525 1441 fugando
541 1369 607 1443 per
619 1347 779 1443 quinque
796 1347 963 1420 milliaria
973 1347 1207 1422 ventilarunt.

253 1461 442 1535 Numerus
463 1463 663 1536 aestimatus
691 1461 885 1537 Scotorum
911 1463 1114 1538 excedebat
1128 1486 1208 1535 sex·

254 1579 379 1676 aginta
412 1580 526 1653 millia
558 1581 732 1654 virorum.
805 1580 894 1656 Post
935 1581 1034 1655 istud
1071 1581 1209 1654 bellum

255 1698 377 1795 opinio
394 1697 485 1772 falsa
501 1698 570 1772 fuit
592 1700 778 1797 publicata
795 1700 893 1797 quod
916 1723 1047 1796 guerra
1065 1698 1209 1776 Scotica

189 1887 192 1890 .
255 1814 372 1890 fuerat
394 1816 551 1892 finaliter
572 1826 738 1906 tractata,
757 1841 801 1890 eo
818 1818 918 1914 quod
934 1817 995 1892 vix
1015 1817 1147 1914 aliquis
1165 1817 1210 1890 de

254 1932 316 2005 illa
332 1933 478 2007 natione
495 1934 681 2022 remansit,
696 1934 760 2031 qui
776 1943 911 2031 posset,
925 1933 1034 2009 sciret
1051 1942 1088 2008 et
1100 1934 1209 2007 vellet
1241 1953 1247 1958 ·

255 2050 481 2146 praeliaturos
504 2073 734 2147 congregare,
753 2061 789 2126 et
812 2075 935 2148 regere
958 2060 1207 2148 congregatos.

255 2164 399 2239 Praelati
419 2165 532 2239 totius
554 2167 656 2262 regni
680 2165 811 2240 Scotiae
835 2167 874 2240 in
894 2167 1085 2241 Franciam
1108 2167 1210 2264 fuge-

256 2290 354 2369 runt,
373 2291 410 2355 et
427 2305 554 2355 eorum
571 2282 800 2368 valentiores
823 2283 869 2355 ad
887 2307 1073 2357 summum
1090 2284 1210 2380 ponti-

255 2399 364 2472 ficem
374 2399 419 2471 de
435 2399 581 2471 illorum
598 2397 798 2472 infortunio
811 2393 1034 2496 adjutorium
1047 2408 1211 2472 61161116-

257 2516 359 2588 dium
391 2513 559 2586 flebiJiter
595 2512 831 2608 requirentes.
901 2512 991 2586 Post
1026 2513 1112 2585 belli
1146 2513 1211 2585 tri-

254 2632 438 2728 umphum
454 2652 518 2703 rex
536 2630 582 2703 ad
599 2629 825 2704 obsidionem
842 2628 1016 2704 Berewici
1032 2647 1210 2718 reversus,

256 2761 333 2824 tam
350 2756 511 2822 castrum
529 2771 640 2844 quam
658 2746 795 2846 villam,
813 2770 879 2844 per
902 2747 1073 2820 comitem
1096 2746 1211 2820 Patri-

257 2868 356 2940 cium
378 2866 567 2939 custodem
585 2864 785 2938 eorundem
811 2863 962 2952 reddita,
986 2863 1157 2959 suscepit,
1175 2871 1212 2936 et
1341 2952 1343 2958 y

255 2986 353 3058 idem
370 3007 491 3057 comes
502 2983 680 3056 Patricius
696 2982 735 3056 in
752 2982 921 3079 proximo
939 2991 1113 3079 sequente
1129 3006 1211 3079 par-

254 3103 427 3175 liamento
453 3100 674 3174 Eboracensi
699 3099 913 3173 fidelitatem
935 3107 973 3172 et
997 3099 1211 3195 homagium

252 3219 389 3314 juravit
400 3219 488 3315 regi,
501 3227 538 3291 et
551 3219 595 3291 ab
607 3217 735 3290 eodem
745 3218 881 3290 multos
892 3214 1029 3313 recepit
1042 3215 1211 3310 honores,

256 3336 320 3407 sed
335 3335 469 3408 iterum
485 3334 679 3428 infideliter
692 3334 738 3406 ad
751 3357 856 3407 suam
868 3355 1035 3422 reversus
1048 3331 1213 3404 rebellio-

256 3475 352 3539 nem,
372 3453 569 3525 secundam
589 3452 687 3548 apud
708 3449 863 3523 Dunbar
887 3473 1019 3547 passus
1042 3458 1097 3524 est
1117 3448 1212 3521 obsi-

258 3567 416 3654 dionem,
444 3591 510 3664 per
540 3567 727 3640 dominum
756 3563 818 3638 W.
851 3567 895 3638 de
929 3564 1073 3638 Monte
1090 3573 1213 3652 acuto,

180 3689 186 3716 ⁸
257 3683 430 3758 comitem
465 3681 674 3757 Sarisbiriae.
743 3681 855 3755 Facta
888 3681 1000 3778 igitur
1025 3680 1214 3756 voluntate

257 3800 351 3897 regis
378 3800 422 3872 de
447 3799 505 3872 his
530 3799 593 3895 qui
613 3797 761 3872 fuerunt
781 3797 923 3871 invilla
945 3807 982 3871 et
1003 3807 1135 3884 castro,
1158 3820 1213 3870 re-

213 3907 217 3917 ’
256 3917 413 4014 lictaque
436 3915 602 3990 custodia
625 3915 700 3989 suis
722 3915 888 3988 fidelibus
905 3914 1001 3987 villis
1019 3923 1055 3987 et
1072 3911 1212 3998 castris,

258 4060 337 4131 quae
356 4059 423 4108 suo
441 4034 601 4108 dominio
616 4035 698 4129 jure
711 4033 939 4108 haereditario
957 4040 994 4104 et
1011 4036 1215 4125 conquestu

258 4173 409 4224 suorum
439 4161 711 4226 antecessorum
740 4148 832 4224 dixit
861 4147 1055 4246 pertinere,
1080 4142 1217 4216 dimisit

258 4290 321 4340 rex
352 4267 572 4343 Edwardum
600 4268 645 4340 de
668 4266 786 4358 Baliol
817 4274 854 4339 et
877 4272 1028 4336 caeteros
1051 4261 1217 4333 volentes
