3110 5026
385 638 459 710 206
639 659 866 711 cuaourcou
884 659 1069 712 1111111111
1127 639 1220 730 [11).
1231 639 1340 714 1350.

385 799 494 886 atque
516 813 667 863 suorum
694 795 914 918 comparato.
968 785 1107 882 Report
1108 797 1217 860 arunt
1241 790 1342 862 enim

383 906 504 1000 capita
524 906 647 978 saucia
667 902 914 977 commissuris
937 901 1042 975 lineis
1065 899 1240 991 involuta,
1258 905 1341 978 bra-

384 1020 466 1092 chia
488 1030 526 1093 et
548 1021 654 1093 tibias
673 1019 903 1117 quarelliset
866 1018 1006 1092 ettelis
1029 1019 1209 1092 terebrata
1231 1029 1340 1116 atque

383 1137 509 1210 dentes
539 1138 696 1224 evulsos,
727 1158 836 1208 nasos
871 1159 1016 1231 quoque
1049 1135 1202 1224 decisos,
1233 1138 1340 1211 labra

382 1253 468 1326 fissa
484 1263 521 1326 et
537 1255 663 1326 oculos
686 1261 820 1339 erutos
839 1252 913 1325 laeti
936 1252 1013 1324 de
1003 1251 1169 1348 insigniis
1189 1255 1339 1349 gloriosi

381 1369 630 1466 triumphict
670 1369 850 1456 evasione,
885 1368 979 1441 risus
1014 1368 1199 1443 doloribus
1233 1373 1339 1467 aegris

380 1487 617 1560 miscuerunt.
671 1485 727 1558 Ibi
758 1509 821 1558 rex
851 1483 1036 1579 octoginta
1065 1484 1204 1557 nobiles
1238 1495 1338 1582 tyro-

381 1627 445 1676 nes
469 1603 516 1676 ad
540 1603 732 1677 militarem
755 1601 938 1698 promovit
960 1600 1205 1688 honorem‚et
1168 1603 1337 1675 eunius

380 1719 497 1792 doluit
539 1719 853 1816 periclitationem,
892 1717 1061 1790 videlicet
1103 1716 1250 1790 Ricardi
1292 1720 1337 1792 de

380 1835 684 1932 Goldesborough
710 1836 848 1921 militis,
876 1833 939 1930 qui
966 1857 1069 1906 suam
1097 1842 1265 1923 mortem,
1294 1845 1336 1909 ut

380 1953 468 2025 dicit
453 1962 525 2039 tur,
544 1953 708 2024 vendidit
726 1951 973 2048 appreciatam
989 1963 1083 2023 care.

431 2068 509 2140 lsto
526 2092 622 2140 anno
639 2061 831 2164 Philippus
850 2067 895 2139 de
913 2065 1075 2152 Valesi0,
1094 2075 1246 2140 vocatus
1272 2091 1337 2140 rex

379 2182 613 2273 Francorum,
646 2185 773 2257 morbo
807 2183 935 2256 mortis
966 2185 1096 2256 nuntio
1126 2185 1258 2257 citatus
1280 2186 1336 2257 ad

378 2326 531 2374 examen
557 2301 692 2398 judicis
723 2301 1040 2389 conscientiarum,
1069 2301 1214 2398 publice
1247 2325 1335 2375 con·

378 2419 495 2493 fessus
519 2444 622 2493 suam
644 2419 871 2516 injustitiam,
890 2442 962 2514 qua
982 2417 1140 2491 detinuit
1158 2442 1332 2491 coronam

378 2536 551 2624 mancis,
582 2537 693 2632 jussit
730 2536 847 2608 filium
887 2557 994 2606 suum
1026 2533 1209 2607 Joannem
1250 2535 1332 2630 paci

378 2653 478 2726 finali
499 2653 594 2726 inter
615 2676 726 2748 regna
746 2651 1045 2738 condescendere,
1064 2675 1216 2724 monens
1234 2651 1333 2746 quod

377 2770 416 2841 in
446 2794 533 2842 casu
561 2794 633 2866 quo
663 2769 742 2864 ipse
771 2767 873 2863 regni
899 2767 990 2839 solio
1018 2767 1208 2862 potiretur,
1235 2791 1330 2838 nun-

378 2911 487 2980 quam
513 2895 673 2958 armatus
698 2884 792 2957 milit
777 2893 869 2956 taret
894 2892 1022 2956 contra
1047 2906 1169 2979 regem
1188 2881 1331 3013 Angliae

377 3002 424 3074 ad
441 3002 586 3075 bellum
611 3000 821 3074 ineundum.
876 2999 1046 3096 Philippo
1074 3000 1222 3072 demum
1248 2999 1330 3070 uni-

376 3143 489 3191 versae
519 3120 637 3192 carnis
667 3119 765 3189 viam
792 3117 966 3213 ingresso,
996 3139 1084 3188 suus
1110 3115 1329 3211 primogeni-

376 3243 436 3306 tus
466 3234 637 3329 praefatus
663 3232 865 3304 Joannes
855 3256 894 3303 m
922 3254 1045 3325 regem
1072 3228 1233 3302 Franciae
1260 3231 1332 3304 suit

376 3355 581 3432 coronatus,
601 3345 694 3418 sed
683 3343 797 3433 1njust
798 3369 829 3430 e,
848 3354 885 3417 et
909 3345 990 3416 ideo
1017 3367 1091 3416 uon
1116 3363 1239 3440 regem
1265 3348 1330 3420 sed

376 3471 588 3536 coronatum
604 3460 826 3532 Francorum
850 3459 938 3533 libet
958 3461 1067 3532 illum
1084 3484 1130 3533 ex
1146 3485 1245 3534 nunc
1262 3487 1329 3536 vo-

375 3580 497 3651 citare.
548 3578 639 3652 Post
672 3578 859 3651 obtentam
891 3577 1082 3650 victoriam
1115 3578 1201 3651 belli
1234 3603 1328 3675 prae

374 3694 543 3790 descript
534 3720 558 3781 1,
576 3719 641 3767 rex
658 3693 817 3767 scribens
836 3718 979 3767 summo
1000 3694 1165 3825 pontifici
1188 3697 1327 3791 suppli-

374 3810 481 3898 cavit,
509 3811 607 3906 quod
634 3810 791 3906 aliquem
822 3811 994 3884 clericum
1025 3810 1082 3883 sui
1111 3810 1212 3906 regni
1241 3833 1326 3906 pro-

373 3938 537 4003 moveret
564 3929 694 4003 honori
724 3929 977 4017 cardinalatus,
1008 3952 1169 4002 assereus
1203 3929 1325 4025 ipsum

372 4045 478 4118 valde
500 4045 624 4118 mirari
646 4067 756 4140 quare
779 4044 826 4117 ad
847 4044 951 4117 illum
974 4054 1140 4119 sanctum
1161 4045 1324 4119 ordinem

373 4164 515 4236 nullum
533 4163 730 4292 Anglicum
747 4186 768 4233 a
785 4162 949 4234 multist
933 4164 1157 4259 temporibus
1180 4163 1326 4259 dignata

374 4289 429 4351 est
458 4280 616 4374 recipere
646 4278 746 4350 curia
776 4278 952 4368 Romana,
981 4304 1093 4375 quum
1127 4290 1249 4354 tamen
1279 4280 1325 4351 ad
