3110 5026
271 601 485 691 1Α.1).1350.]
528 623 572 671 nn
593 623 720 680 sarua
739 624 786 672 nn
806 623 1046 673 swruunoun.
1151 602 1225 680 203

273 748 408 842 grande
435 749 643 822 cenuvium
673 751 771 846 apud
798 749 985 838 Windsor,
1018 752 1058 823 in
1091 760 1223 840 castro,

271 864 335 937 ubi
358 865 517 938 instituit
540 866 736 940 cantariam
763 869 806 938 12
829 868 1070 956 sacerdotum,
1088 877 1125 941 et
1141 868 1223 941 fun-

271 979 371 1054 davit
384 981 661 1068 zenodochium,
675 982 714 1054 in
727 1006 799 1077 quo
813 983 946 1055 milites
959 984 1223 1080 depaupestati,

270 1097 403 1192 quibus
427 1120 493 1170 sua
516 1121 592 1170 non
615 1098 833 1184 sufficerent,
851 1108 1001 1194 possent
1018 1100 1058 1172 in
1073 1098 1224 1173 Domini
1360 1159 1362 1163 .

270 1212 444 1286 servitute
466 1213 511 1284 de
532 1213 717 1310 perpetuis
734 1213 972 1310 eleemosynis
988 1214 1223 1289 fundatorum

270 1329 368 1401 illius
391 1328 533 1424 collegii
553 1329 856 1402 sustentationem
875 1339 1142 1426 competentem
1159 1333 1224 1406 ha-

269 1444 365 1517 bere.
418 1442 553 1516 Praeter
579 1467 701 1540 regem
726 1443 873 1518 fuerunt
900 1446 961 1518 alii
988 1449 1223 1543 compromit-

270 1569 388 1635 tentes
405 1561 444 1632 in
461 1561 710 1648 fundationem
726 1562 825 1634 illius
842 1563 1067 1650 zenodochii,
1086 1564 1223 1638 scilicet

269 1676 365 1772 regis
390 1676 665 1773 primogenitus,
688 1702 810 1751 comes
835 1678 1136 1776 Norbamptonae,
1163 1707 1223 1754 co·
1255 1729 1260 1736 -

268 1817 346 1866 mes
371 1792 554 1882 Warwici,
582 1819 704 1868 comes
731 1793 979 1883 Suthsolchiae,
1008 1821 1128 1869 comes
1157 1797 1222 1870 Sa-

268 1910 479 1984 lisbiriensis
513 1921 550 1984 et
580 1911 641 1984 alii
669 1912 833 2000 barones,
865 1914 1047 2010 simplices
1077 1939 1223 2011 quoque
1290 1939 1291 1943 ¹

268 2027 413 2114 milites,
431 2027 570 2101 scilieet
587 2028 751 2126 Rogerus
769 2030 813 2103 de
830 2029 981 2105 Mortuo
999 2031 1104 2118 mari,
1123 2057 1223 2106 nunc
1283 2069 1285 2074 ·

269 2167 388 2218 comes
404 2143 591 2232 Marchiae,
610 2146 779 2218 dominus
798 2144 983 2219 Walterus
1005 2146 1051 2219 de
1072 2145 1220 2242 Magne,

268 2260 438 2334 dominus
464 2261 670 2334 Willelmus
697 2261 794 2334 filius
822 2262 960 2348 Garini,
988 2261 1148 2335 Joannes
1176 2263 1221 2336 de

268 2376 404 2462 Insula,
422 2375 584 2450 Joannes
606 2377 654 2449 de
678 2376 838 2462 Mohun,
860 2377 1019 2450 Joannes
1046 2377 1090 2449 de
1117 2377 1221 2450 Beal-

268 2492 434 2588 champe,
455 2491 639 2566 Walterus
664 2494 708 2566 de
733 2493 898 2590 Paveley,
920 2491 1080 2564 Thomas
1102 2491 1220 2581 Wale,

268 2617 305 2681 et
330 2607 465 2704 Hughe
491 2608 535 2681 de
561 2607 778 2707 Wrotesley.
831 2609 917 2682 Una
942 2633 1028 2682 cum
1054 2634 1137 2706 rege
1164 2609 1221 2683 fu-

268 2735 375 2799 erunt
402 2749 527 2800 omnes
554 2725 616 2798 isti
641 2727 764 2800 vestiti
787 2727 880 2822 togis
904 2726 949 2798 de
971 2735 1114 2798 russeto
1139 2728 1220 2822 pul-

172 2867 174 2871 ·
268 2833 429 2916 verizato
463 2869 559 2920 cum¹
582 2844 746 2940 garteriis
785 2843 1004 2931 indicoloris,
1046 2843 1220 2917 habentes

268 2959 379 3032 etiam
401 2960 491 3033 tales
515 2961 687 3056 garterias
712 2961 751 3033 in
775 2960 876 3033 tibiis
900 2961 1036 3032 dextris
1060 2969 1096 3033 et
1118 2984 1219 3031 man-

267 3077 353 3148 tella
378 3077 423 3149 de
447 3077 583 3164 blueto,
605 3099 691 3150 cum
716 3076 870 3150 scutulis
895 3099 1080 3148 armorum
1106 3077 1222 3150 saneti

269 3191 428 3290 Georgii.
480 3193 560 3266 Tali
580 3201 758 3290 apparatu
779 3191 867 3265 nudi
889 3193 1009 3289 capita
1029 3193 1222 3267 audierunt

267 3310 397 3384 devote
419 3311 568 3386 missam
591 3310 766 3385 celebrem
790 3334 856 3405 per
878 3309 1058 3384 antistites
1083 3309 1221 3383 Cantu-

267 3427 362 3515 ariae,
380 3426 578 3500 Wintoniae
595 3436 633 3500 et
648 3427 798 3500 Exoniae
815 3427 1055 3514 decantatam,
1074 3436 1111 3499 et
1133 3451 1220 3500 con-

266 3541 431 3615 formiter
447 3543 618 3616 sederunt
638 3544 677 3616 in
696 3567 822 3616 mensa
838 3544 1023 3619 communi
1041 3543 1088 3616 ob
1105 3543 1220 3616 hono·
1290 3579 1293 3584 ·

267 3681 345 3732 rem
362 3658 479 3731 sancti
495 3659 677 3755 martyris,
697 3659 791 3732 sicut
813 3669 890 3733 tam
914 3659 1073 3732 nobilem
1093 3659 1220 3732 frater-

267 3773 420 3847 nitatem
461 3773 667 3870 specialiter
708 3773 951 3863 intitularunt,
996 3776 1220 3872 appellantes

267 3892 413 3978 illorum
443 3889 654 3965 comitivam
681 3891 798 3964 sancti
824 3890 972 3987 Georgii
1001 3893 1110 3964 dele
1140 3917 1219 3987 gar-

142 4040 154 4061 ,
266 4006 367 4080 tiere.
437 4007 482 4080 In
515 4017 640 4082 aestate
674 4009 851 4105 sequenti,
886 4019 969 4082 osta
999 4007 1221 4080 dissentione

267 4122 361 4195 inter
383 4134 511 4199 nautas
530 4125 672 4222 Angliae
694 4135 732 4200 et
751 4124 952 4222 Hispania,
978 4124 1135 4221 Hispani
1156 4125 1219 4199 ob-,

267 4239 438 4314 sederunt
471 4267 570 4316 mare
601 4243 854 4318 Britannicum
884 4266 969 4316 cum
998 4244 1050 4315 44
1079 4242 1219 4338 magnis
