3118 5008
253 677 328 726 nn.
342 655 462 744 1335.]
505 675 550 724 nu
570 674 697 722 annun
717 673 764 721 nn
784 671 1024 722 swruesonu.
1132 653 1201 726 127

252 805 568 903 Northamptonae,
594 803 658 880 ubi
686 803 823 877 dimisit
852 804 1020 899 praelatos
1049 814 1085 877 et
1112 805 1202 879 alios

253 931 417 1009 tractare,
445 923 509 996 sed
533 922 611 1018 ipse
637 945 722 994 cum
746 919 873 1017 paucis
898 919 1121 1016 adequitavit
1147 946 1202 995 se-

254 1048 350 1112 crete
376 1038 612 1124 Berewicum,
631 1045 667 1110 et
692 1036 827 1109 ibidem
854 1037 1052 1134 assumptis
1079 1062 1203 1112 secum

252 1157 378 1254 paucis
402 1156 562 1240 armatis,
584 1154 730 1227 advenit
751 1153 877 1225 villam
899 1155 1016 1227 sancti
1038 1155 1203 1244 Joannis,

254 1272 318 1343 ubi
344 1270 401 1342 sui
427 1269 623 1364 stupebant
648 1268 692 1341 de
719 1292 785 1341 suo
811 1269 982 1356 adventu,
1005 1275 1205 1367 praesertim

256 1412 342 1460 cum
358 1396 435 1458 tam
452 1409 564 1481 parva
581 1383 764 1458 comitiva.
817 1382 966 1457 Dictam
981 1387 1105 1460 villam
1125 1414 1205 1462 mu-

255 1504 348 1577 nivit
373 1502 517 1576 fossatis
545 1511 581 1575 et
608 1501 734 1588 muris,
761 1510 798 1574 et
821 1502 921 1575 misit
946 1503 1095 1577 comites
1121 1530 1207 1580 suos

256 1645 341 1693 cum
357 1643 440 1714 rege
455 1617 586 1692 Scotiae
600 1627 840 1714 conquestore
857 1618 902 1690 ad
919 1620 1072 1714 patriam
1091 1630 1206 1696 trans-

257 1736 492 1833 equitandum
518 1744 555 1808 et
581 1735 818 1808 scrutandum
837 1733 965 1808 Scotos
986 1737 1205 1828 resistentes,

257 1855 320 1927 sed
341 1854 433 1927 nulli
454 1853 634 1926 audebant
657 1876 719 1925 eos
745 1861 946 1949 expectare,
964 1853 1003 1927 in
1020 1857 1209 1931 montibus

257 1981 293 2045 et
334 1971 527 2067 paludibus
565 1995 608 2043 ac
650 1969 858 2044 nemoribus
894 1995 931 2044 se
965 1965 1208 2048 occultabant.

257 2087 343 2161 Post
366 2089 643 2185 parliamentum
666 2089 893 2185 praedictum,
918 2091 1039 2164 nuntii
1064 2093 1209 2189 tyranni

257 2205 478 2279 Francorum
494 2206 658 2279 videntes
676 2207 775 2301 quod
797 2230 860 2280 rex
877 2207 1018 2302 Angliae
1041 2218 1078 2282 et
1101 2234 1208 2286 suum

258 2323 537 2419 parliamentum
564 2322 874 2419 parvipendebant
901 2324 1025 2397 literas
1056 2326 1113 2399 sui
1143 2327 1235 2401 do·-

259 2440 349 2512 mini
371 2437 531 2534 Philippi
557 2439 602 2510 de
627 2437 787 2523 Valesio,
806 2437 937 2533 quibus
964 2441 1208 2516 comminaba-

260 2566 321 2628 tur
336 2556 412 2650 regi
428 2554 570 2649 Angliae
587 2554 776 2626 inimicum
793 2577 831 2626 se
848 2553 924 2626 sore
941 2555 1118 2644 futurum,
1140 2560 1210 2632 nisi

261 2673 456 2746 Scotorum
482 2670 564 2768 paci
588 2670 872 2766 adquiescerent,
901 2673 1035 2745 reversi
1060 2683 1145 2747 sunt
1172 2677 1210 2748 in

260 2789 462 2876 Franciam,
481 2786 676 2860 referentes
694 2811 783 2884 quas
807 2796 951 2883 treugas
975 2798 1011 2861 et
1034 2814 1143 2887 paces
1167 2794 1213 2865 ad

262 2907 319 2981 sui
343 2904 554 2979 instantiam
580 2927 643 2978 rex
669 2904 810 3001 Angliae
836 2929 920 2977 cum
947 2904 1065 2979 Scotis
1091 2906 1130 2978 in
1155 2909 1213 2980 sui

262 3023 492 3121 dispendium
514 3024 637 3119 plures
661 3022 855 3109 contraxit,
878 3023 942 3096 sed
967 3032 1004 3096 et
1029 3025 1213 3120 quomodo

263 3166 346 3215 suas
366 3141 488 3214 literas
511 3138 805 3214 comminatorias
826 3141 1103 3239 parvipendens
1126 3166 1214 3216 con-

263 3268 319 3332 tra
353 3258 494 3346 Suntne,
530 3259 665 3332 amicos
700 3258 814 3355 ipsius
849 3259 1005 3356 tyranni,
1044 3284 1213 3356 guerram

250 3380 445 3451 ‘resumere
465 3377 684 3449 intendebat.
737 3374 1068 3472 Congratulabatur
1090 3388 1213 3474 tyran-

263 3517 333 3566 nus
368 3492 563 3578 nunciatis
597 3517 672 3564 non
714 3493 949 3566 reminiscens
992 3503 1213 3590 treugarum,

266 3635 355 3706 quas
384 3635 452 3706 pro
482 3610 539 3682 sui
569 3609 683 3704 gratia
711 3633 776 3682 rex
805 3608 947 3706 Angliae
978 3635 1064 3683 curn
1095 3610 1214 3686 Sectis

265 3728 332 3802 sibi
367 3724 615 3824 dispendiosas
650 3725 890 3814 confirmavit,
926 3728 990 3800 sed
1028 3729 1216 3804 ruminans

266 3846 364 3943 quod
394 3867 477 3918 suas
507 3844 629 3917 literas
657 3843 949 3917 comminatorias
977 3846 1215 3944 parvipende-

265 3966 338 4051 bat,
364 3962 508 4060 gavisus
532 3969 588 4033 est
610 3960 839 4034 occasionem
862 3985 900 4034 sc
925 3962 1105 4035 invenisse
1127 3963 1215 4036 libe-

265 4105 356 4166 ram,
394 4104 467 4177 qua
509 4088 636 4152 contra
677 4102 785 4151 suum
828 4078 1137 4172 consanguineum
1181 4088 1218 4152 et

267 4197 368 4293 regni
392 4196 564 4282 Franciae,
591 4195 651 4269 cui
675 4194 854 4281 incubuit,
881 4217 1007 4267 verum
1034 4192 1215 4282 heredem,

266 4315 438 4387 vexillum
462 4321 587 4409 posset
609 4311 799 4406 explicare.
852 4308 1005 4381 Inflatus
1028 4309 1140 4404 igitur
1162 4319 1218 4422 ty3
