3110 5026
260 654 481 745 ,n.n.l355.]
540 676 586 726 nn
606 676 734 725 aaron
752 676 800 725 nn
821 675 1054 726 swrnanorm.
1142 651 1217 730 241

261 803 483 878 transierunt
526 809 591 900 per
633 809 795 879 castrum
837 805 983 879 comitis
1016 804 1219 892 Fluxensis,

261 929 433 994 vocatum
458 919 695 1007 Mounthaut,
720 922 765 993 ad
792 922 898 1016 cujus
923 922 1054 1018 pedem
1080 920 1219 1016 equites

258 1037 394 1132 singuli
426 1038 641 1124 successive,
678 1062 763 1109 cum
801 1046 950 1133 stupore
986 1039 1135 1110 illorum
1173 1036 1217 1110 de

255 1153 386 1247 patria,
423 1152 646 1224 transierunt
684 1175 816 1247 aquam
855 1175 1030 1246 magnam
1065 1154 1109 1225 de
1145 1153 1220 1226 Ge-

254 1267 385 1352 roude,
413 1267 477 1338 ubi
512 1267 684 1340 continue
719 1292 784 1364 per
814 1276 933 1340 totum
963 1267 1102 1341 annum
1131 1281 1218 1348 sunt

257 1385 443 1459 navicellae
481 1392 623 1480 paratae
652 1409 720 1480 pro
760 1385 917 1458 transitu
951 1385 1216 1481 indigenarum,

253 1525 339 1597 qnae
359 1510 448 1574 ωηο
470 1501 516 1574 ad
538 1501 718 1574 exercitus
740 1501 1042 1597 impedimentum
1063 1525 1130 1597 per
1150 1503 1216 1575 vil-

257 1620 380 1692 lanos.
402 1617 542 1690 vicinos
586 1618 630 1689 de
672 1616 796 1690 North
829 1617 973 1691 fuerant
1008 1618 1212 1695 subtracta.

257 1735 402 1830 Aquam
428 1735 472 1806 de
500 1732 669 1806 Geroude
698 1758 782 1806 oum
811 1733 927 1829 gratia
953 1731 1024 1805 Dei
1050 1743 1215 1830 pertran-

254 1850 375 1936 sitam,
412 1850 585 1922 relatione
621 1851 903 1923 castellanorum
942 1851 1067 1922 nullus
1105 1859 1214 1946 potu-

256 1967 343 2044 isset
364 1965 640 2062 pertransivisse
666 1976 749 2064 post
776 1966 1054 2042 inundationem
1079 1968 1213 2063 pluviae

256 2081 404 2170 diurnae,
431 2083 528 2155 unde
556 2083 635 2178 ejus¹
662 2084 837 2155 transitus
864 2082 935 2154 Dei
961 2083 1090 2172 virtuti
1114 2084 1213 2178 juste

254 2197 370 2271 fuerat
397 2198 588 2291 ascriptus.
642 2197 797 2270 Praelata
822 2197 910 2270 villa
936 2199 980 2270 de
1006 2198 1130 2270 North
1155 2197 1212 2272 fuss

254 2323 331 2387 erat
357 2338 423 2409 per
449 2312 628 2384 insultum
654 2313 869 2406 conquisita,
896 2312 935 2383 in
962 2315 1067 2408 cujus
1094 2324 1212 2389 castro

248 2429 395 2521 ‚reddito
429 2425 694 2500 retrocustodia
727 2426 968 2522 pernoctavit.
1004 2427 1088 2506 ‚Ex
1122 2438 1212 2503 tunc

247 2543 470 2616 dimiserunt
494 2541 621 2622 rivum,
637 2541 681 2613 de
700 2540 870 2614 Geroude
892 2566 913 2614 a
938 2541 1104 2630 sinistris,
1125 2565 1211 2618 oon·

253 2670 309 2734 tra
330 2660 435 2754 cujus
457 2683 606 2732 cursum
629 2658 821 2731 adiverunt
846 2657 971 2730 villam
994 2658 1039 2730 de
1060 2658 1212 2733 Marko-

144 2812 151 2824 1
245 2801 343 2863 naw,
371 2799 451 2871 quae
477 2776 689 2848 mirabiliter
719 2776 789 2847 fuit
822 2775 1049 2870 conquisita:
1091 2786 1209 2850 trans·

246 2893 318 2966 ivit
355 2894 450 2964 enim
490 2893 621 2970 iterum
662 2891 797 2964 ibidem
832 2915 964 2988 aquam
998 2893 1209 2988 praedictam

246 3007 602 3082 cumadmiratione
631 3007 850 3080 villanorum
880 3007 999 3079 media
1029 3009 1206 3096 custodia,

245 3133 288 3197 et
318 3133 408 3197 tunc
434 3122 479 3194 ad
507 3122 638 3195 fortem
664 3122 789 3195 villam
819 3122 863 3194 de
893 3122 1072 3211 Carbone,
1101 3145 1207 3212 muro

251 3264 296 3314 ex
322 3263 396 3330 una
420 3247 535 3335 parte,
554 3247 592 3311 et
617 3261 710 3334 aqua
734 3262 780 3310 ex
804 3238 874 3312 alia
897 3238 989 3312 bene
1003 3239 1204 3328 munitam,

251 3365 373 3429 tamen
399 3364 483 3428 ante
511 3355 709 3430 adventum
733 3355 909 3451 principis
936 3377 1002 3451 per
1028 3355 1206 3440 insultum

250 3471 503 3566 conquisitam,
528 3471 580 3544 ita
603 3471 701 3567 quod
723 3470 926 3567 hospitium
949 3469 1105 3567 praebuit
1128 3471 1206 3558 vic·

248 3585 400 3674 toribus,
428 3586 592 3682 principe
615 3587 662 3659 ad
686 3594 800 3670 extra,
822 3595 866 3658 ut
889 3588 1024 3684 ubique
1047 3571 1203 3666 feresn-

247 3704 355 3790 lebat,
386 3702 581 3799 hospitato.
643 3702 713 3774 Die
739 3702 858 3790 Jovis,
886 3714 1050 3800 ternpore
1078 3705 1203 3800 quieto

247 3831 285 3900 et
319 3819 534 3906 delectabili,
565 3819 703 3922 quievit
737 3820 921 3893 exercitus
952 3821 998 3893 ad
1031 3845 1203 3917 magnam

247 3939 506 4012 recreationem
525 3944 618 4032 post
630 3937 771 4010 labores
789 3936 915 4009 diebus
932 3936 1097 4033 pristinis
1114 3960 1201 4025 con·

247 4055 418 4132 tinuatos.
470 4052 541 4125 Die
560 4053 712 4127 Veneris
730 4053 929 4126 certificato
947 4053 1045 4148 quod
1069 4050 1201 4134 Gallici

240 4170 285 4270 ,in
306 4171 401 4245 acies
428 4171 588 4266 quinque
617 4193 768 4267 magnas
796 4170 939 4244 fuerant
966 4168 1085 4260 divisi,
1114 4193 1199 4266 pro-

242 4286 371 4381 gressi,
387 4286 432 4357 de
454 4305 576 4397 prope·
594 4289 802 4375 existentes,
827 4287 943 4374 nostri
968 4285 1014 4360 ad
1039 4285 1200 4404 spatium

710 4428 733 4481 Q
748 4459 751 4466 .
