3096 5012
381 651 450 724 192
629 667 852 722 curtorucon
871 667 1054 718 1111111111
1109 644 1327 742 [1111319.

377 801 457 867 tum
496 795 592 867 enim
627 805 754 893 postca
787 819 872 868 cum
905 793 1069 891 potentia
1103 792 1336 867 Francorum·

376 910 585 984 Flandriam
614 912 756 1000 invasit,
785 893 985 996 destruens,
1013 909 1194 1011 occidens,
1222 911 1328 982 villas

377 1039 415 1099 et
456 1028 626 1101 universa
664 1028 808 1124 ignibus
842 1027 1053 1122 depascens,
1087 1048 1167 1121 quae
1206 1025 1329 1122 potuit

378 1168 548 1217 cremare.
603 1145 675 1217 Sed
704 1146 783 1241 ejus
810 1143 992 1240 tyrannidi
1022 1144 1215 1240 populares
1242 1167 1329 1214 cum

378 1261 503 1355 paucis
529 1260 692 1356 Anglicis
718 1260 892 1333 custodiae
917 1263 1120 1331 castrorum
1147 1259 1330 1355 deputatis

377 1378 623 1480 praestiterunt
648 1401 768 1450 acrem
793 1375 1048 1461 resistentiam,
1067 1375 1195 1471 inqua
1216 1374 1330 1471 pluri-

301 1500 312 1524 *
377 1494 447 1566 mis
475 1493 706 1590 Francigenis
736 1493 876 1580 occisis,
905 1492 1077 1565 comitem
1106 1491 1330 1564 retrocedere

379 1613 636 1706 compulerunt
671 1610 717 1682 ad
755 1610 889 1705 fugam.
960 1608 1003 1681 In
1037 1608 1100 1680 illo
1134 1613 1331 1702 congressu

378 1728 487 1801 multi
515 1727 664 1801 suerunt
697 1726 830 1799 milites
860 1725 987 1813 dotati,
1017 1749 1063 1797 ex
1093 1723 1225 1819 quibus
1254 1731 1336 1796 erat·

377 1843 547 1917 dominus
574 1843 762 1916 Johannes
790 1843 835 1914 de
862 1840 1018 1915 Filebert
1045 1840 1234 1936 Anglicus
1263 1839 1328 1911 111-

379 1982 467 2032 nore
501 1958 648 2030 militari
681 1958 883 2031 decoratus.
943 1957 1086 2030 Interea
1118 1955 1164 2028 ad
1197 1955 1331 2028 festum

380 2071 593 2145 Nativitatis
619 2074 736 2146 sancti
758 2073 910 2146 Joannis
936 2073 975 2144 in
999 2071 1254 2168 purificatione
1277 2095 1332 2143 re-

382 2184 474 2279 ginae
495 2185 593 2282 apud
611 2184 826 2258 Windesore
850 2185 999 2276 fuerunt
1022 2184 1197 2257 solemnia
1220 2183 1332 2255 hasti-

381 2300 492 2388 ludia,
520 2302 651 2397 quibus
680 2301 924 2375 interfuerunt
953 2298 1084 2372 David‘
1106 2322 1170 2373 rex
1204 2297 1333 2371 Scoto-

382 2439 476 2502 rum,
505 2439 625 2488 comes
654 2415 699 2488 de
725 2415 795 2502 Eu,
822 2416 991 2489 dominus
1019 2415 1063 2488 de
1090 2413 1332 2500 Tankerville,

383 2530 553 2603 dominus
571 2527 723 2605 Carolus
741 2531 786 2603 de
803 2529 960 2618 VaIesio,
979 2540 1025 2604 et·
1042 2531 1113 2604 alii
1125 2531 1334 2626 alienigenae

382 2646 491 2718 multi
514 2645 659 2742 captivi,
684 2655 722 2718 et
748 2646 793 2719 de
819 2646 965 2718 licentia
992 2646 1086 2743 regis
1113 2655 1340 2742 suorumque

383 2760 639 2858 magistrorum
672 2761 966 2849 hastiludiabaut,
994 2761 1058 2834 ubi
1092 2762 1341 2836 favorabiliter*

384 2879 499 2974 gratia
524 2878 644 2975 campi
670 2876 718 2950 D.
744 2879 870 2951 comiti
896 2879 941 2951 de
966 2877 1023 2950 Eu
1049 2877 1167 2952 fuerat
1193 2877 1334 2974 adjudi-

383 3003 474 3067 cata.
527 2994 664 3068 Postea·
675 3003 844 3090 tempore·
855 2993 972 3090 adipis
989 2994 1105 3082 serini,
1124 2995 1234 3068 iidem
1252 3019 1335 3090 cap·

384 3111 451 3184 tivi
474 3134 560 3183 cum
583 3111 732 3184 domino
755 3135 837 3207 rege
863 3110 960 3207 apud
984 3110 1211 3184 Clarendone
1236 3121 1274 3184 et
1298 3111 1336 3184 in

385 3226 464 3297 aliis
489 3227 633 3298 forestis
656 3251 741 3299 cum
764 3227 843 3300 aliis
866 3228 977 3301 etiam
999 3230 1101 3325 regni
1126 3230 1338 3327 proceribus

381 3339 546 3436 jucundo
581 3340 702 3414 studio
735 3343 938 3418 venationis
972 3369 1011 3418 se
1045 3345 1185 3418 dedere.
1237 3345 1337 3441 Rege

384 3454 518 3528 talibus
541 3453 763 3544 intendente,
781 3456 912 3532 Gallici
935 3459 1117 3534 intrarunt
1139 3461 1338 3536 marchiam

385 3570 584 3644 Britanniae
607 3582 644 3645 ct
669 3590 744 3647 nou
769 3575 999 3650 obstantibus
1026 3579 1163 3674 treugis
1190 3589 1339 3674 genera·

384 3686 492 3774 libus,
511 3688 607 3762 circa
624 3698 788 3771 castrum,
838 3731 859 3765 .=
897 3749 904 3764 .
956 3749 964 3765 .
1016 3749 1024 3765 .
1074 3693 1252 3768 inboscati
1269 3695 1337 3768 sub

386 3804 536 3876 ducatu>
563 3805 748 3903 Radulphi
782 3808 826 3880 de
861 3805 966 3882 Caux
998 3807 1137 3896 militis,'
1172 3811 1236 3884 scd
1273 3809 1339 3882 filii

387 3920 573 4011 sabatoris‚
595 3947 681 3996 cum
707 3924 833 4020 paucis
859 3925 1003 4021 publice
1028 3927 1172 4022 praedas
1194 3926 1339 4023 capien-

386 4048 454 4127 tes,
490 4039 679 4114 dominum
712 4039 889 4114 Thomam
923 4040 1158 4138 Dagworthe'
1185 4043 1340 4116 militem

387 4153 685 4247 probatissimum
710 4165 746 4226 et
772 4153 928 4228 ducatus
951 4155 1194 4252 capitaneum,
1212 4155 1270 4228 ad·
1284 4179 1339 4228 re-

389 4259 671 4343 suscitationem·
699 4269 837 4365 patriaev
863 4281 1120 4366 provocarunt,
1157 4272 1220 4368 qui
1255 4283 1343 4345 cum·
