3136 5016
373 642 421 712 48
636 583 862 708 onnonroou
883 657 1066 706 esurium
1126 635 1326 726 [numos

372 789 479 862 nonis
495 786 599 871 Julii‚
617 787 713 859 diem
730 787 860 860 clausit
877 797 1092 859 extremum.
1128 785 1213 860 Hoc
1229 811 1327 861 anno

373 930 438 978 rex
468 904 667 976 Edwardus
698 927 737 976 se
766 903 954 976 transtulit
981 903 1021 974 in
1047 901 1220 990 Scotiam
1248 928 1325 977 eas-

372 1031 472 1096 trum
490 1020 534 1093 de
553 1019 735 1106 Strivelin,
754 1021 853 1116 quod
873 1019 1100 1092 custodiebat
1118 1019 1324 1094 Willelmus

374 1137 548 1223 Olifarde‚
573 1162 687 1232 quum
712 1160 778 1233 per
803 1136 1000 1231 nonaginta
1016 1136 1092 1209 dies
1116 1137 1251 1210 crebris
1268 1138 1324 1210 in-

373 1251 528 1325 sultibus
553 1251 705 1324 viriliter
730 1251 940 1337 obsedisset,
963 1250 1099 1324 obsessi
1124 1275 1324 1349 repugnare

371 1395 446 1444 non
480 1370 616 1444 diutius
650 1370 826 1456 valentes,
862 1368 1060 1440 discalciati
1103 1377 1139 1440 et
1175 1368 1323 1442 funibus

370 1488 463 1560 colla
488 1486 676 1560 constricti
702 1493 887 1570 exeuntes
915 1507 1037 1556 coram
1063 1507 1145 1579 rege
1172 1509 1210 1558 se
1239 1509 1322 1581 pro-

241 1627 245 1636 ·
370 1613 589 1689 straverunt,
607 1602 721 1674 vitam
744 1609 781 1672 et
804 1601 966 1672 membra
991 1599 1245 1672 misericordiae
1268 1625 1322 1672 re-

371 1719 425 1814 gis
451 1717 757 1801 commendantes
784 1714 946 1810 quosad
971 1715 1085 1787 vitam
1111 1725 1322 1803 reservatos,

371 1833 506 1907 carceri
531 1842 653 1904 tamen
679 1831 918 1927 mancipatos,
945 1832 983 1903 in
1010 1831 1180 1927 Angliam
1206 1841 1322 1905 trans·

370 1949 470 2022 misit
487 1949 603 2045 pietas
621 1947 761 2044 regalis.

418 2065 528 2138 Anno
546 2064 683 2137 Christi
701 2066 807 2152 1305,
826 2065 1015 2138 Benedicti
1032 2085 1136 2161 papae
1152 2064 1208 2136 XI
1226 2089 1322 2139 anno

368 2181 499 2278 primo,
524 2180 690 2254 Edwardi
715 2181 825 2278 primi
850 2190 934 2277 post
960 2191 1202 2276 conquestum
1227 2205 1322 2254 anno

369 2300 418 2369 33
442 2297 695 2370 solennitatem
719 2297 849 2370 natalis
873 2296 1011 2371 Christi
1036 2297 1233 2370 Linoolniae
1258 2323 1322 2370 rex

369 2413 575 2501 celebravit,
603 2422 639 2488 et
661 2412 882 2509 justiciarius
910 2412 955 2484 de
981 2411 1231 2487 Trailebaston
1257 2439 1323 2510 per

368 2542 484 2607 totam
501 2533 672 2631 Angliam
692 2533 940 2606 malefactores
962 2533 1155 2629 punituros
1178 2534 1321 2607 ordina-

368 2651 433 2737 vit,
458 2652 523 2747 p'er
547 2674 638 2748 quos
662 2650 787 2724 multis
811 2649 1008 2746 castigatis,
1035 2651 1129 2746 regis
1154 2651 1322 2723 aerarium

205 2833 208 2840 .
260 2788 262 2793 ’
368 2767 472 2840 valde
495 2768 613 2841 suerat
636 2768 804 2840 ditatum.
857 2765 941 2839 Hoc
958 2790 1054 2839 anno
1071 2767 1140 2840 luit
1158 2769 1320 2840 subtrac-

368 2893 439 2972 tus,
461 2908 671 2980 suspensus,
690 2893 727 2956 et
753 2883 980 2979 decapitatus
1004 2881 1211 2956 Willelmus
1232 2883 1321 2956 Wa-

366 3002 444 3097 leys
467 3001 567 3095 apud
589 2998 830 3086 Londoniam,
849 3001 911 3094 qui
931 3000 1032 3096 prius
1051 3009 1177 3073 contra
1194 3001 1321 3096 Angli·

368 3139 430 3190 cos
453 3116 492 3188 in
516 3113 638 3187 Scotia
660 3123 697 3187 et
711 3115 882 3210 ‘partibus
904 3116 1068 3190 finitimis
1094 3118 1209 3190 multa
1231 3117 1317 3190 faci-

367 3257 456 3305 nora
479 3231 711 3328 perpetravit.
765 3230 872 3305 Ciroa
888 3232 1023 3305 festum
1039 3233 1319 3322 Purificationis,

367 3350 548 3422 Robertus
578 3348 611 3420 le
641 3347 761 3445 Bruys
795 3349 941 3422 natione
971 3350 1159 3446 Anglious,
1189 3352 1318 3424 volens

363 3467 444 3562 jure
461 3465 585 3538 uxoris
609 3488 683 3538 suae
707 3465 783 3538 sine
807 3466 901 3539 scitu
926 3476 962 3538 et
988 3491 1137 3540 assensu
1157 3467 1233 3564 ligii
1254 3468 1317 3540 do·

366 3581 457 3654 mini
485 3581 540 3656 sui
569 3581 662 3677 regis
690 3581 842 3677 Angliae,
871 3607 1022 3678 reguum
1052 3582 1183 3656 Scotiae
1208 3608 1317 3656 ausus

365 3721 552 3794 usurpare,
576 3697 662 3771 fecit
687 3700 965 3773 convocationes
992 3709 1202 3796 magnatum
1229 3698 1317 3773 Sco-

365 3815 437 3901 tiae‚
462 3815 558 3888 inter
585 3839 677 3911 quos
706 3816 745 3887 in
775 3816 926 3889 ecelesia
951 3815 1106 3889 fratrum
1133 3818 1317 3890 minorum

364 3933 462 4031 apud
487 3933 672 4020 Dumfres,
690 3935 879 4009 dominum
896 3935 1077 4009 Joannem
1098 3937 1143 4008 de
1161 3938 1315 4033 Comyn,

363 4052 508 4126 fidelem
533 4052 693 4125 amioum
718 4053 825 4148 regie,
852 4054 1111 4150 conspirationi
1139 4079 1212 4126 suae
1243 4054 1315 4126 dis-

364 4171 593 4255 sentientem,
641 4167 848 4242 truoidavit.
916 4169 1057 4241 Exinde
1095 4170 1141 4242 ad
1182 4168 1317 4242 festum

363 4285 614 4373 Pentecosten,
647 4310 710 4359 rex
739 4285 857 4359 filium
891 4311 999 4360 suum
1033 4285 1318 4382 primogenitum
