3110 5026
392 640 462 710 182
647 637 873 708 cnaourcon
893 658 1077 707 aannnrnr
1127 637 1342 728 [aalma

385 813 456 862 nec
474 789 593 883 aliqua
609 788 704 860 mala
720 787 958 883 praesumptio
981 787 1028 859 sit
1051 786 1147 861 facta
1169 813 1215 861 ex
1238 792 1346 864 alter-

390 914 474 978 utra
507 913 625 1000 parte,
661 903 875 977 durantibus
909 903 1057 998 treugis.
1123 903 1218 977 Item
1247 908 1346 1002 quod

392 1020 534 1094 banniti
556 1030 595 1093 et
617 1018 761 1115 fugitivi
783 1043 805 1092 a
828 1019 997 1107 EIandria
1022 1027 1058 1092 et
1083 1021 1201 1116 patria
1221 1022 1267 1095 de
1292 1022 1347 1096 La

265 1225 277 1242 .
308 1121 311 1130 ⁵
391 1138 503 1226 Bene,
522 1137 584 1233 qui
605 1136 681 1232 regi
696 1135 859 1209 Franciae
881 1136 1120 1223 adhaeserunt,
1140 1137 1346 1212 obstineant

392 1255 437 1327 ab
463 1255 630 1349 ingressu
656 1253 912 1350 praedictarum
936 1261 1128 1340 terrarum,
1156 1255 1224 1326 sub
1251 1255 1345 1351 peri-

392 1372 476 1444 culo
495 1390 692 1467 poenarum
713 1369 847 1443 talibus
872 1369 1198 1464 transgressoribus
1218 1370 1346 1443 infrin-

393 1487 603 1584 gendarum.
641 1484 750 1558 'Item
775 1486 898 1558 nullus
925 1485 1096 1557 obediens
1124 1485 1228 1558 alteri
1255 1486 1346 1558 duo-

393 1627 475 1676 rum
493 1625 620 1697 regum
638 1601 805 1674 deveniat
821 1601 991 1673 obediens
1009 1600 1113 1674 alteri
1130 1624 1268 1689 eorum,
1287 1602 1348 1678 cui

392 1743 469 1791 non
498 1715 686 1790 obediebat
719 1717 759 1788 in
793 1724 957 1813 tempore
987 1715 1164 1812 captionis
1193 1717 1348 1790 istarum

393 1833 615 1927 treugarum.
668 1830 762 1904 Item
780 1832 878 1927 quod
894 1833 1017 1904 nullus
1034 1832 1198 1904 alterutri
1219 1855 1348 1928 regum

389 1949 581 2044 subjectns
604 1956 732 2020 contra
754 1948 903 2020 alterius
924 1948 1018 2044 regis
1040 1947 1246 2042 subjectum
1268 1972 1348 2020 mo-

394 2071 477 2137 veat
494 2086 672 2158 guerram,
687 2063 750 2135 sed
766 2071 919 2159 uterque
935 2088 1062 2160 regum
1080 2087 1165 2136 suos
1183 2064 1349 2138 subditos

396 2189 562 2254 teneatur
574 2188 724 2266 arctare,
743 2203 790 2252 ne
806 2179 1017 2276 hujusmodi
1034 2203 1201 2275 guerram
1218 2181 1349 2276 aliquis

396 2298 542 2371 illorum
558 2323 626 2395 pro
644 2323 871 2395 quacumque
894 2322 1003 2372 causa
1023 2297 1196 2371 suscitare
1212 2321 1349 2394 praesn-

396 2424 483 2488 mat.
527 2414 621 2488 Item
639 2417 737 2512 quod
754 2439 879 2489 omnes
896 2423 1126 2502 mercatores,
1144 2415 1254 2488 etiam
1270 2437 1350 2486 om-

397 2553 465 2604 nes
486 2533 634 2618 subditi,
657 2533 896 2628 coadjutores
909 2532 1050 2616 affines,
1068 2555 1132 2604 seu
1150 2530 1350 2626 quomodo-

398 2671 554 2744 cumque
571 2649 793 2744 pertinentes
810 2647 875 2721 nni
891 2646 987 2744 parti
1002 2646 1061 2719 vel
1078 2647 1181 2720 alteri
1194 2647 1352 2718 duorum

398 2788 537 2860 regum,
557 2773 594 2836 et
613 2764 817 2862 specialiter
832 2763 1009 2836 nominati
1025 2763 1172 2860 Anglici
1189 2772 1225 2836 et
1241 2761 1351 2834 Flan-

399 2881 549 2970 drensiS,
563 2905 788 2954 cumeorum
804 2879 1060 2966 mercimoniis,
1079 2889 1155 2953 tam
1171 2903 1236 2976 per
1252 2901 1352 2952 mare

401 3023 510 3093 quam
533 3021 599 3094 per
620 3007 765 3085 terram,
784 3021 849 3069 seu
872 3005 986 3069 terras
1009 3004 1046 3068 et
1071 2996 1186 3069 maria
1209 2995 1352 3092 possint

399 3115 511 3186 libere
540 3123 579 3186 et
611 3114 689 3186 sine
719 3113 876 3208 qualibet
910 3113 1092 3184 calumnia
1126 3134 1191 3210 per
1225 3134 1352 3184 omnes

400 3238 515 3301 terras
537 3228 637 3301 initis
661 3229 797 3322 treugis
821 3226 1099 3321 comprehensas
1122 3225 1292 3299 itinerare
1315 3236 1354 3301 et

399 3343 647 3441 perendinare,
672 3344 767 3415 sicut
793 3342 955 3415 solebant
980 3343 1020 3414 in
1044 3341 1200 3415 aliorum
1225 3367 1355 3439 regum

402 3458 637 3555 temporibus,
662 3481 752 3554 pace
777 3459 871 3531 inter
897 3482 1009 3554 regna
1033 3459 1226 3546 custodita,
1246 3460 1354 3532 dum-

401 3576 512 3648 modo
533 3583 655 3648 tamen
676 3574 820 3648 solvant
843 3576 1044 3648 secundum
1066 3577 1232 3672 antiquas
1253 3576 1354 3648 debi-

403 3701 458 3764 tas
477 3694 768 3781 consuetudines
788 3701 825 3766 et
842 3694 933 3766 tales
950 3694 1127 3767 duntaxat
1149 3716 1262 3766 novas
1283 3693 1354 3765 im-

401 3805 552 3903 positae,
570 3808 695 3903 quales
718 3807 896 3904 indigenae
917 3808 1041 3882 fideles
1066 3810 1205 3882 solvere
1227 3816 1354 3880 tenen-

403 3935 476 3997 tur.
539 3923 712 3996 Attamen
745 3925 977 4021 excipiuntur
1009 3926 1055 3998 ab
1087 3925 1158 3998 ista
1189 3924 1357 3998 libertate

405 4061 531 4113 omnes
555 4040 695 4113 banniti
720 4065 787 4136 pro
813 4041 933 4138 aliqua
958 4066 1077 4140 causa,
1104 4064 1267 4137 personae
1293 4064 1355 4113 eo-

406 4159 561 4230 rundem
602 4157 812 4243 ducatuum,
851 4183 918 4255 pro
952 4181 1179 4253 quacumque
1221 4156 1356 4229 fuerint

407 4298 516 4347 causa
544 4274 696 4360 banniti,
726 4275 905 4370 gaudeant
930 4275 1093 4347 libertate
1121 4282 1156 4345 et
1183 4272 1356 4345 immuni-
