3118 5008
360 561 451 678 *144
634 625 857 676 encourcou
878 624 1061 676 (1111111111
1120 605 1331 695 [solado.

378 755 500 851 posuit
527 753 709 828 Joannem
737 751 890 839 Crebbe,
918 755 1033 849 quem
1054 753 1264 850 peritiorem
1293 757 1333 827 in

378 881 455 945 arte
478 871 597 944 navali
620 881 657 943 et
681 871 887 966 cognitione
910 879 1085 966 portuum
1108 869 1333 945 Francorum

377 988 524 1084 Anglici
542 997 768 1084 reputarunt,
788 1011 943 1084 quarum
964 996 1086 1060 tamen
1109 989 1259 1062 effectus
1279 989 1333 1084 ig-

377 1112 538 1177 noratur.
592 1104 636 1179 In
659 1105 777 1200 prima
800 1103 949 1176 cohorte
974 1105 1120 1177 navium
1144 1113 1333 1201 captarum

355 1223 594 1296 'invenerunt
619 1222 775 1295 victores
798 1221 878 1293 illas
902 1244 1024 1306 naves,
1043 1245 1195 1317 quarum
1216 1221 1333 1318 prima

377 1340 577 1411 vocabatur
601 1337 812 1436 Dionysius,
840 1346 877 1410 et
907 1338 977 1410 alia
1006 1338 1199 1434 Georgius,
1226 1339 1333 1411 tertia
1413 1427 1416 1432 1

378 1453 676 1551 christophorus,
706 1463 743 1528 et
769 1462 897 1550 quarta
926 1455 960 1525 le
990 1453 1215 1551 Blakecogk,
1243 1479 1332 1551 quas

377 1571 510 1645 Gallici
527 1572 707 1669 primitus,
722 1581 764 1646 ut
781 1571 1067 1668 superscriptum
1090 1580 1156 1659 est,
1176 1596 1197 1645 a
1222 1580 1332 1669 portu

377 1689 423 1762 de
442 1687 569 1762 Sclusa
585 1688 719 1760 furtive
735 1687 976 1760 abduxerunt.
1018 1687 1167 1760 Summa
1184 1689 1331 1760 navium

377 1807 590 1878 bellicarum
614 1804 665 1902 ibi
691 1813 880 1899 captarum
905 1805 952 1877 ad
978 1805 1164 1892 ducentas,
1188 1817 1223 1878 et
1248 1807 1331 1878 bar·

378 1923 520 2018 giorum
547 1921 593 1992 ed
623 1920 771 2016 triginta
800 1945 838 1994 se
865 1922 1091 1996 extendebat.
1144 1920 1332 1994 Numerus

296 2058 297 2061 ’
379 2037 611 2110 inimicorum
638 2037 842 2111 occisorum
870 2038 999 2135 viginti
1029 2039 1188 2135 quinque
1218 2039 1333 2112 millia

240 2243 242 2249 ,
377 2155 585 2240 excedebat,
614 2163 652 2228 et
681 2156 976 2244 submersorum;
1014 2156 1059 2227 de
1086 2156 1219 2252 Anglia
1243 2180 1332 2228 vero

351 2278 354 2285 '
377 2280 535 2366 quatuor
557 2271 676 2344 millia
692 2271 840 2344 fuerunt
862 2271 985 2358 occisi,
1009 2272 1103 2345 inter
1121 2296 1212 2368 quos
1228 2283 1332 2347 erant

380 2395 535 2483 quatuor
558 2387 704 2475 milites,
722 2387 891 2461 videlicet
914 2388 1083 2460 dominus
1103 2388 1262 2462 Thomas
1286 2390 1331 2462 de

378 2503 668 2592 Mounthermer,
700 2503 989 2602 consanguineus
1023 2505 1129 2598 regis,
1161 2499 1330 2579 dominus

378 2620 547 2693 Thomas·
560 2623 605 2693 de
626 2620 787 2694 Latimer
809 2620 918 2707 filius,
938 2630 975 2693 et
996 2621 1167 2694 dominus
1188 2621 1329 2696 Willel-

378 2762 461 2812 mus
486 2740 521 2811 le
547 2737 698 2812 Botiller
724 2738 768 2810 de
795 2736 1017 2826 Siortborne‚
1046 2745 1082 2813 et
1109 2749 1260 2835 quartus
1287 2749 1330 2814 ut

378 2851 587 2936 dicebatur‚·
622 2859 734 2946 que'm'
773 2864 848 2924 no'n
890 2851 1094 2925 andivimus
1137 2853 1328 2926 nominarii

380 2966 487 3040 Circa
509 2965 606 3037 idem
629 2975 781 3059 tempus.
799 2961 901 3037 Senti
924 2973 1089 3060 treugam
1110 2965 1207 3039 inter
1229 2967 1329 3062 ipsos

378 3091 416 3154 et
450 3105 582 3176 regem·
610 3079 739 3152 initam
773 3102 916 3153 servare
950 3081 1126 3168 nolentes,
1161 3082 1330 3178 Angliam

378 3198 417 3269 in
447 3198 563 3269 multa
595 3195 843 3291 magnitudine
872 3210 1062 3285 venerunt,
1091 3198 1263 3271 occisioni
1293 3209 1330 3273 ct

378 3312 622 3386 combustioni
647 3320 761 3384 totam
788 3312 861 3386 fere
885 3312 1087 3388 Marchiam
1112 3316 1329 3389 submissam

379 3430 636 3528 depraedantes.
660 3427 708 3501 Et
719 3437 833 3525 quum
843 3432 1002 3529 praedam
1012 3432 1215 3506 reducturis
1225 3434 1329 3507 nobi-

377 3550 430 3620 les
447 3547 673 3620 marchiones
694 3547 839 3620 illerum
859 3549 1030 3646 partium,
1050 3550 1180 3644 quibus
1198 3575 1330 3647 magna

378 3663 532 3760 pecunia
548 3677 615 3760 pro
632 3663 807 3737 Marchiae
828 3664 993 3739 custodia
1016 3675 1044 3737 a'
1060 3689 1142 3761 rege
1165 3669 1343 3740 tradeba:

379 3793 451 3866 tur,
469 3797 657 3854 occurrere
680 3791 755 3855 nori
777 3789 957 3867 curarent,
977 3805 1042 3853 seu
1065 3781 1220 3852 nimium
1243 3808 1329 3876 pro-

378 3900 543 3985 telarent,
579 3899 773 3994 populares
807 3898 895 3995 ipsis
930 3894 1048 3967 Scotis
1092 3894 1328 3973 redeuntibus

377 4017 528 4090 viriliter
558 4024 800 4100 occurrentes
831 4011 990 4108 praedem
1025 4019 1169 4106 captam
1203 4014 1327 4087 abstu-

376 4136 508 4220 lerunt,
540 4141 576 4205 et
610 4131 745 4204 multos
779 4128 1000 4212 oeciderunt,
1029 4136 1066 4200 et
1099 4129 1182 4224 plus
1217 4149 1326 4226 quam¹

377 4248 629 4346 octogintade
653 4244 849 4340 majoribus
873 4243 1066 4319 Scotorum
1085 4247 1324 4334 redimendos
