3110 5026
242 606 454 701 n.o.-l349.]
499 632 544 682 ne
564 630 691 681 aruns
711 631 758 681 nu
778 630 1017 682 swrrvenorru.
1118 609 1191 681 189

237 757 431 831 reformari.
481 758 676 832 Praedictos
693 760 842 833 nuntios
860 761 1091 856 regales'non
1107 781 1188 853 per-

237 872 337 944 misit
354 882 529 970 tyrannus
552 874 619 947 sibi
642 876 823 962 accedere,
843 878 907 948 sed
923 874 1057 947 infecto
1076 897 1187 968 nego-

239 988 291 1061 tio
307 1014 377 1085 pre
393 1015 465 1086 quo
482 1000 668 1075 venerant,
686 991 795 1087 jussit
818 1015 880 1064 eos
903 1015 1057 1086 regnum
1080 1001 1194 1062 suum'

236 1104 345 1176 exire.

290 1219 399 1292 Anno
417 1218 555 1292 Christi
576 1223 684 1306 1349,
703 1220 804 1316 regni
826 1221 920 1316 regis
943 1243 1039 1292 anno
1063 1222 1125 1304 23,
1144 1218 1189 1290 ab

238 1333 571 1407 orientelndorum
593 1345 630 1407 et
650 1335 853 1412 Turcorum
871 1359 1000 1431 repens
1019 1334 1190 1430 pestilen-

237 1451 291 1522 tia
318 1449 505 1545 generalis
534 1451 703 1523 medium·
722 1451 837 1538 nostri
863 1450 1089 1536 habitabilis,
1109 1449 1189 1520 infi-

239 1566 362 1653 cienS,
379 1565 588 1653 Saracenos
615 1567 766 1654 Tuscos,
795 1566 949 1653 Siracos,
975 1564 1189 1651 Palestinae,

239 1691 276 1755 et
306 1682 454 1754 demum
484 1681 630 1756 Graecos
666 1683 899 1780 depopulavit
928 1689 1029 1754 tanta
1059 1689 1189 1774 strage,

240 1798 338 1893 quod
355 1805 490 1870 terrore
507 1799 699 1895 compulsi,
712 1800 823 1871 fidem
839 1806 948 1895 atque
965 1802 1192 1870 sacramenta

239 1913 376 1988 Christi
388 1914 546 2011 recipere
564 1917 721 1989 consulti
734 1916 991 2011 dijudicabant,
1004 1913 1191 1986 audientes

201 2111 203 2116 ,
241 2029 338 2124 quod
355 2025 581 2102 Christianos
604 2031 656 2106 eis
678 2056 778 2105 mare
802 2030 972 2105 Graecum
995 2053 1094 2102 mors
1117 2052 1192 2100 non

241 2145 379 2218 terruit-
398 2145 557 2219 crebrius
590 2156 654 2219 aut
682 2148 797 2242 magis
827 2155 975 2243 repente
1005 2152 1195 2217 consueto:

239 2261 399 2334 Tandem
425 2265 475 2334 ad
504 2272 625 2358 partes
653 2264 893 2358 transalpinas
921 2272 958 2334 et
985 2262 1117 2333 abhinc
1145 2259 1189 2330 ad

243 2377 381 2450 Galhas
406 2376 601 2473 Hesperias
631 2387 668 2450 et
697 2378 917 2450 Teutonicas
948 2400 1043 2448 saeva
1073 2375 1193 2447 clades

243 2491 445 2564 successive
465 2491 647 2577 devoluta,
666 2516 762 2565 anno
780 2493 1028 2588 septimo'suae
1045 2489 1193 2562 inchoa-

242 2606 353 2680 tionis
376 2605 422 2678 ad
438 2606 611 2701 Angliam
630 2607 785 2694 devenit,
805 2609 924 2704 prim0
942 2607 1087 2703 quidem
1110 2630 1194 2703 por-

242 2733 303 2797 tus
329 2723 438 2795 maris
465 2723 504 2793 in
531 2722 700 2796 Dorsetia
725 2733 763 2797 et
788 2749 913 2797 rursus
939 2723 1095 2820 patriam
1120 2722 1194 2794 suis

242 2839 372 2911 ineolis
397 2839 553 2934 privavit
578 2838 663 2927 fere,
685 2849 722 2913 et
746 2841 882 2913 abhinc¹
903 2838 1106 2911 Devoniam
1132 2845 1195 2910 aut

245 2954 633 3051 Somersetiam‘usque
650 2956 823 3052 ¹Bristollc
846 2957 897 3030 ita
920 2955 1078 3041 desaevit,
1098 2954 1196 3049 quod

245 3072 523 3147 Glovernienses
548 3073 620 3146 illis
641 3075 685 3146 de
705 3073 875 3147 Bristolle
898 3074 944 3147 ad
966 3095 1049 3144 suas
1074 3079 1196 3167 partes

245 3192 467 3286 denegarunt
492 3214 671 3277 accessus,
695 3189 857 3286 quolibet
881 3198 1034 3287 putante
1059 3185 1195 3260 anheli-

245 3315 305 3379 tus
328 3307 528 3379 viventium
551 3307 646 3380 inter
669 3307 721 3379 sic
745 3305 939 3378 morientes
957 3303 1067 3377 fuisse
1084 3303 1195 3375 infec-

245 3405 352 3507 tivos,
371 3422 435 3494 sed
451 3424 597 3497 tandem
617 3421 862 3509 Gloverniam,
881 3419 993 3494 imino
1012 3418 1196 3492 Oxoniam

246 3546 354 3630 atque
380 3535 618 3624 Londoniam,
643 3547 689 3610 et.
705 3538 867 3610 finaliter·
886 3546 1004 3610 totam
1026 3535 1197 3632 Anglianr

246 3650 522 3725 tamviolenter
543 3653 687 3740 invasit,
710 3654 808 3749 quod
832 3653 894 3725 vix
920 3653 1081 3736 decimus
1105 3651 1210 3726 utri-¹

148 3801 150 3806 ·
245 3793 362 3864 usque
379 3792 486 3842 sexus
504 3767 740 3864 superfuerat.
788 3770 1014 3844 Coemeteriis
1030 3775 1106 3842 non
1123 3767 1197 3842 suf-

246 3885 464 3972 ficientibus
492 3885 612 3984 campi
638 3885 861 3981 eligebantur
887 3893 1116 3959 mortuorum
1143 3907 1198 3954 se-

246 4000 414 4095 pulturaess
467 3997 669 4095 Episcopus
695 3999 958 4073 londoniensis
985 3999 1073 4072 emit
1098 3997 1198 4069 illam

248 4113 400 4186 croltarn
430 4112 729 4188 Nomanneslond
757 4124 936 4200 vocatam,
965 4125 1001 4187 et
1030 4112 1198 4186 dominus

248 4228 497 4304 Walterusde
514 4230 649 4326 Magne
666 4233 763 4305 illam
783 4256 863 4327 quae
879 4238 1030 4303 vocatur
1042 4229 1198 4304 Yenewe
