3136 5016
356 651 404 720 38
532 644 535 649 ’
619 669 844 719 ennonrcon
865 669 1048 719 onnrnror

365 867 368 871 ,
407 800 502 873 An.
522 787 628 871 1301.
654 797 773 870 Nona
791 798 951 894 Augusti
969 797 1066 894 apud
1085 741 1340 869 wodestoke·

358 923 466 988 natus
489 923 544 987 est
565 914 781 987 Edmundus
805 937 926 986 comes
945 912 1085 986 Cantiae
1104 915 1148 987 de
1166 914 1313 986 domina

358 1032 567 1128 Margareta
583 1031 707 1127 regina
723 1030 863 1127 Angliae
1070 1030 1129 1103 46.

387 1148 504 1220 ιΑΙ).
528 1149 635 1220 1305.
680 1146 739 1219 Ab
760 1147 994 1243 inquisitione
1011 1147 1108 1220 sacta
1124 1147 1163 1218 in
1179 1147 1314 1243 Anglia

359 1289 468 1361 super
490 1263 590 1360 pacis
614 1262 927 1359 perturbatoribus
946 1263 1195 1337 Trailbastone
1218 1285 1312 1336 nun·
1380 1261 1383 1266 ’

359 1389 501 1478 cupata.
540 1379 681 1452 Eodem
697 1403 793 1453 anno
811 1379 992 1452 Robertus
1011 1380 1056 1452 de
1073 1380 1169 1453 Brus
1183 1388 1312 1475 quarto

358 1497 440 1570 idus
458 1495 644 1569 Februarii
667 1497 706 1569 in
723 1497 874 1570 ecclesia
891 1497 1044 1569 fratrum
1062 1495 1251 1568 Minorum
1268 1497 1312 1568 de

358 1613 531 1687 Dumfres
556 1613 745 1684 dominum
768 1611 950 1684 Joannem
968 1612 1123 1710 Comyn,
1141 1613 1311 1687 comitem

362 1729 407 1802 de
423 1727 665 1814 Baldenache,
681 1729 879 1824 cognatum
896 1753 1015 1816 suum,
1030 1729 1201 1804 insidiose
1218 1729 1314 1803 occi·

360 1846 678 1918 djt—-ea

376 1993 378 1998 ·
411 1960 505 2034 Ar).
530 1960 636 2033 1306.
681 1959 751 2034 Die
767 1961 1067 2036 Annuntiationis
1092 1961 1204 2034 beatae
1231 1959 1313 2033 Ma-

360 2078 435 2164 riae,
463 2076 644 2151 Robertus
674 2078 719 2150 de
749 2077 869 2174 Bruys
899 2079 937 2150 in
966 2103 1088 2174 regem
1117 2075 1247 2151 Scotiae
1275 2100 1314 2150 se

360 2193 446 2267 fecit
470 2194 645 2268 coronari.
700 2194 841 2268 Eodem
867 2219 974 2282 anno,
1002 2195 1158 2268 infesto
1183 2193 1314 2266 Pente-

241 2304 247 2317 '
360 2319 491 2395 costes,
509 2334 574 2382 rex
591 2310 792 2384 Edwardus
810 2311 906 2406 apud
924 2309 1152 2382 Londoniam
1165 2310 1314 2383 Edwar-

360 2425 460 2513 dum,
478 2425 596 2499 filium
613 2451 722 2500 suum
738 2425 1022 2522 primogenitum
1045 2423 1161 2497 cinxit
1182 2425 1314 2498 milita·

361 2543 473 2630 ribus
493 2568 579 2616 cum
596 2541 762 2615 ducentis
780 2541 1219 2614 militibus—-4L

410 2658 505 2732 A.D.
529 2657 636 2733 1307.
677 2658 747 2730 Die
765 2653 1010 2731 translationis
1029 2657 1147 2729 sancti
1162 2655 1312 2728 Thomae

360 2778 541 2873 martyris,
577 2778 773 2849 translatus
808 2785 863 2848 est
897 2799 960 2847 rex
995 2773 1192 2846 Edwardus
1230 2782 1314 2869 post

360 2901 601 2989 conquestum
622 2892 763 2987 primus
785 2914 830 2962 ex
852 2891 923 2961 hoc
944 2890 1082 2962 mundo
1104 2890 1143 2962 in
1164 2890 1311 2976 coelum,

361 3033 457 3080 anno
481 3007 596 3080 aetatis
621 3029 695 3078 suae
720 3006 779 3092 69,
804 3005 905 3100 regni
928 3029 1015 3079 vero
1038 3007 1128 3102 ejus
1153 3007 1269 3079 idest
1292 3030 1314 3078 a

360 3117 478 3197 morte
508 3122 621 3218 patris
653 3121 721 3207 sui,
752 3123 801 3193 35
833 3121 896 3222 sed
930 3146 951 3194 a
985 3123 1218 3196 coronatione
1248 3145 1314 3195 sua

360 3243 421 3313 34.
484 3238 624 3312 Eodem
658 3261 753 3309 anno
789 3237 917 3310 Petrus
954 3238 998 3310 de
1033 3237 1241 3312 Gavestone
1274 3238 1313 3310 in

360 3357 524 3454 partibus
548 3352 798 3428 transmarinis
821 3356 983 3444 exulans,
1008 3380 1073 3452 per
1095 3379 1218 3450 regern
1240 3354 1313 3428 Ed·

359 3472 523 3546 wardum
549 3480 633 3568 post
661 3480 902 3567 conquestum
929 3473 1141 3558 secundum,
1170 3472 1209 3543 in
1237 3471 1312 3543 An-

360 3589 470 3684 gliarn
487 3596 689 3674 revocatur,
705 3597 741 3661 et
758 3589 874 3662 sactus
893 3598 948 3661 est
965 3613 1087 3660 comes
1105 3586 1310 3676 Cornubiae‚

359 3705 474 3777 filiam
504 3705 647 3777 comitis
679 3703 915 3778 Gloucestriae
945 3705 1051 3776 duxit
1080 3705 1119 3776 in
1147 3729 1310 3777 uxorem.

360 3820 440 3892 Rex
452 3845 539 3894 vero
552 3812 751 3894 Edwardus
768 3830 853 3917 post
872 3829 1114 3915 conquestum
1131 3822 1312 3893 secundus

327 3919 331 3928 ’
360 3936 550 4010 Isabellam
567 3937 679 4010 filiam
702 3938 797 4034 regis
822 3935 981 4007 Franciae
1001 3936 1129 4032 quinto
1147 3937 1312 4020 calendas

359 4053 545 4127 Februarii
571 4054 803 4128 matrimonio
821 4052 889 4124 sibi
907 4055 1103 4149 copulavit,
1124 4064 1161 4125 et
1183 4055 1312 4149 quinto

359 4170 422 4242 die·
441 4171 625 4244 Februarii
643 4195 729 4242 cum
745 4167 923 4241 Edwardo
940 4194 1023 4265 rege
1041 4169 1172 4242 marito
1190 4193 1257 4243 suo
1275 4170 1313 4242 in

358 4287 490 4382 Anglia
520 4286 706 4382 applicuit.
760 4284 829 4357 Die
860 4296 982 4359 autem
1011 4287 1115 4358 Jovis
1146 4287 1313 4381 proxima
