3136 5016
282 730 285 736 ,
376 639 424 714 70
643 660 867 710 cunorucou
887 661 1069 710 (1111111111
1128 641 1329 731 [1111323

436 788 546 860 Illum
563 811 673 882 quem
690 787 821 860 metuit
838 787 992 884 quisque
1012 788 1130 883 perire
1147 788 1259 884 cupit.

374 904 461 977 Illos
482 902 758 976 Herefordensis
782 903 857 975 suis
881 905 1140 1000 temporalibus
1164 892 1329 1000 privatus

375 1020 531 1105 odiebat,
550 1019 631 1091 illos
656 1018 921 1091 Lincolniensis
944 1018 1125 1092 Henricus
1149 1021 1194 1092 de
1216 1019 1328 1092 Bore-

373 1136 506 1223 wasch,
531 1159 739 1232 quanquam
763 1135 857 1231 regis
882 1136 1112 1232 promotione
1137 1137 1328 1209 decoratus

374 1253 500 1340 infula,
522 1262 646 1326 tamen
668 1252 849 1326 consimili
872 1253 980 1347 culpa
1002 1277 1075 1348 quo
1099 1276 1187 1326 suus
1208 1253 1328 1325 Adam

375 1369 492 1442 sciens
516 1391 554 1442 se
576 1369 740 1456 noxium,
758 1368 864 1440 valde
881 1368 1077 1454 metuebat,
1096 1377 1134 1441 et
1155 1393 1220 1465 per
1241 1392 1328 1442 oon-

375 1509 528 1582 sequens
552 1486 707 1559 odiebat.
762 1485 902 1558 Contra
923 1485 1083 1558 universi
1108 1485 1268 1558 militum
1292 1494 1328 1557 et

375 1604 629 1700 episcoporum
654 1603 809 1674 istorum
832 1601 940 1674 amici
962 1601 1168 1675 habuerunt
1189 1601 1330 1673 animos

375 1743 470 1816 aegro
488 1720 612 1792 dolore
633 1717 841 1804 sarcinatos,
860 1726 898 1791 et
920 1717 959 1790 in
981 1717 1113 1791 furiam
1135 1718 1329 1814 proclivos,

376 1845 413 1909 et
431 1837 507 1908 sola
524 1833 726 1907 reverentia
744 1833 850 1929 regiae
869 1834 970 1929 pacis
990 1857 1120 1907 manus
1141 1835 1330 1906 continen-

377 1959 443 2023 tes.
497 1950 558 2022 Ad
579 1949 650 2022 hoc
671 1957 797 2021 contra
820 1950 957 2047 seipsos
980 1951 1018 2022 in
1041 1951 1252 2024 universum
1268 1975 1331 2022 ne-

377 2063 431 2136 fas
453 2064 719 2160 rapidissimam
741 2065 833 2137 iram
856 2065 1065 2139 foemineam
1089 2067 1222 2162 reginae
1245 2089 1332 2138 con-

378 2172 623 2267 citabant,eo
657 2180 754 2276 quod
789 2181 936 2254 illorum
971 2206 1079 2254 avaro
1114 2181 1266 2255 consilio
1295 2190 1332 2255 et

379 2295 604 2368 ordinatione
631 2294 768 2368 familia
797 2297 976 2370 consortis
1006 2293 1111 2394 r'egiae
1141 2299 1331 2386 minorata,

380 2411 448 2484 sibi
471 2413 560 2484 certi
585 2413 722 2485 reditus
746 2437 830 2486 cum
853 2414 1064 2510 praecisione
1086 2416 1229 2488 fuerant
1254 2425 1332 2488 tax·

380 2530 442 2616 ati,
483 2529 639 2627 parciori
678 2551 822 2602 annona
856 2553 965 2625 quarn
1000 2531 1136 2603 solebat
1169 2531 1330 2604 victurae.

382 2647 489 2720 Unde
517 2647 668 2720 avaritia
694 2647 906 2720 insatiabilis
933 2646 1131 2734 soeminina,
1160 2647 1333 2742 concupi-

381 2763 428 2836 tis
452 2763 633 2850 frustrata‚
656 2771 721 2835 aut
742 2772 839 2836 certe
861 2762 1124 2858 prodigalitatis
1147 2762 1334 2834 muliebris

382 2889 530 2967 arctata,
555 2875 710 2974 quarum
733 2879 837 2950 alteri
860 2880 952 2952 solet
978 2903 1120 2974 semper
1142 2879 1202 2951 ifle
1226 2902 1334 2952 sexus

382 2997 580 3090 indulgere,
615 3017 690 3065 non
725 2995 843 3066 solum
881 3004 1008 3069 contra
1044 2994 1333 3091 Dispensatorem

382 3112 447 3183 sed
472 3119 509 3183 et
534 3117 661 3182 contra
686 3109 869 3198 maritum,
896 3113 979 3206 plus
1006 3137 1115 3208 quarn
1140 3111 1222 3185 illos
1248 3135 1335 3184 con-

384 3226 473 3298 siliis
508 3232 691 3297 mutatum
725 3227 859 3299 exarsit
893 3228 931 3299 in
965 3228 1048 3300 iras
1116 3227 1203 3300 Jam
1235 3230 1337 3324 luget

383 3341 607 3443 Francorum
641 3331 856 3434 sanguinem
890 3345 1059 3438 regalem,
1094 3345 1208 3416 immo
1242 3344 1336 3439 regis

382 3457 495 3528 filiam
519 3465 629 3551 atque
655 3457 858 3534 successive
882 3483 1010 3554 regum
1033 3458 1227 3547 Lodowici,
1251 3439 1336 3531 Phi-

383 3573 487 3669 lippi,
505 3581 542 3644 et
567 3573 716 3644 demum
739 3573 863 3646 Caroli
888 3575 1035 3648 unicam
1061 3599 1233 3664 sororem,
1261 3578 1337 3672 regi

385 3690 448 3761 sed
471 3713 579 3760 avaro
597 3689 813 3776 maritatam,
832 3691 1051 3786 promissam
1067 3692 1144 3764 fore
1161 3694 1335 3787 reginam,

317 3851 318 3860 .
386 3806 504 3878 sedin
521 3805 766 3878 conditionem
784 3808 991 3879 ancillarern
1008 3801 1233 3897 conversam,
1252 3808 1337 3882 Dis-

335 4015 338 4018 ·
383 3931 632 4018 pensatorum,
651 3945 742 4015 quos
759 3923 952 4018 plusquam
970 3925 1053 3997 odio
1073 3925 1234 4020 perfecto
1253 3927 1337 3999 ode-

385 4048 452 4126 rat,
473 4037 752 4137 stipendiariam.
799 4039 894 4124 vJam
909 4041 1019 4113 vellet
1036 4065 1121 4113 cum
1142 4042 1251 4115 fratre
1273 4044 1337 4115 do-

386 4157 563 4229 minatore
581 4155 804 4228 Francorum
826 4156 870 4227 de
891 4156 1021 4229 marito
1040 4167 1213 4252 questura
1227 4160 1340 4231 verba

386 4275 629 4347 commiscere.
682 4269 767 4344 Jam
791 4295 875 4344 cum
899 4281 1029 4364 patruo
1048 4274 1180 4345 Carolo
1202 4275 1246 4345 de
1263 4274 1338 4347 Va-
