3110 5026
219 617 431 710 A.u.l356.]
474 642 520 691 nn,
539 642 666 690 annun
684 643 732 690 nn
752 643 992 692 swrnrnnorrn.
1095 621 1165 698 261

218 777 344 841 rentur
363 767 546 864 fugitivos,
564 769 676 842 duces
699 769 814 861 nostri
835 739 1086 865 providebant,
1105 793 1171 842 aes-

218 884 388 957 limantes
411 907 502 958 non
544 883 698 979 decepti,
718 883 833 980 'quod
866 883 1052 957 fortunato
1085 884 1171 959 belli

217 999 395 1096 principio
424 1000 527 1072 labor
554 1000 721 1096 egregius
748 999 967 1088 succederet,
996 1009 1083 1097 post
1112 1024 1170 1073 ac-

217 1139 360 1192 cessum
383 1115 609 1188 exercituum
634 1115 853 1190 futurorum.
905 1114 1060 1190 Proinde
1086 1139 1170 1188 nos-

216 1231 265 1304 tri
293 1255 331 1304 se
359 1231 609 1318 resarcierunt,
628 1239 665 1303 et
689 1229 807 1326 prima
832 1229 1060 1326 secundaque
1085 1254 1171 1303 nos-

216 1355 283 1419 trae
316 1346 490 1420 custodiae
525 1347 660 1442 pariter
694 1369 732 1418 se
767 1347 1024 1440 glomerarunt.
1089 1344 1170 1418 Nec

216 1487 329 1549 mora,
372 1462 602 1559 progreditur
644 1461 738 1535 acies
780 1464 892 1535 altera
932 1447 1168 1550 Gallicorum,

216 1603 328 1675 quam
357 1579 530 1675 produxit
563 1578 826 1674 primogenitus
860 1578 1023 1651 coronati
1056 1577 1169 1668 Fran2

215 1720 355 1782 corum,
379 1705 470 1792 puta
493 1694 698 1793 Delphinus
721 1693 951 1767 Viennensis
1003 1692 1169 1790 Appara-

216 1816 276 1882 tus
297 1808 406 1905 hujus
421 1810 518 1887 ,aciei
538 1809 609 1883 fuit
631 1809 823 1884 terribilior
845 1819 953 1905 atque
974 1808 1168 1882 vehemen-

216 1924 288 1997 tior
314 1949 424 2021 quam
449 1926 559 2000 facies
586 1927 673 1999 belli
699 1927 869 2025 primitus
897 1927 1062 2022 repressi,
1094 1950 1169 1999 non

216 2049 340 2113 temen
369 2043 490 2137 potuit
519 2052 653 2116 terrere
680 2052 824 2116 nostros
854 2043 978 2116 avidos
1007 2043 1168 2130 honoriS,

216 2164 253 2229 et
278 2169 508 2254 exasperatos
533 2159 670 2254 seipsos
696 2169 760 2231 aut
786 2160 903 2232 socios
926 2159 1028 2254 prius
1052 2159 1169 2231 sauci-

215 2282 295 2347 atos
320 2274 515 2360 vindicare,
539 2274 603 2346 sed
629 2273 800 2346 audacter
823 2275 994 2367 utrinque
1019 2297 1168 2369 congre-

216 2389 378 2475 diuntur,
397 2389 444 2460 ad
466 2397 563 2462 astra
586 2397 736 2472 tonante
759 2388 901 2461 tumido
920 2389 1044 2474 boatu,
1064 2412 1168 2461 sanc-

215 2514 297 2579 tum
328 2504 527 2602 Georgium
556 2529 620 2580 seu
649 2506 794 2578 beatum
824 2504 1041 2602 Dionysium
1074 2505 1168 2578 arbi-

216 2630 315 2695 trum
356 2621 442 2694 belli
483 2621 561 2697 fore
602 2621 836 2695 favorabilem
882 2623 1166 2717 proclamarunt.

215 2735 308 2811 Mox
340 2737 529 2810 invirum
558 2737 613 2810 vir
644 2737 887 2810 debacchatur
921 2744 958 2810 et
991 2761 1058 2833 pro
1093 2737 1169 2810 vita

215 2855 368 2950 quisque
388 2855 548 2927 decertat
570 2854 678 2926 obvio
700 2863 856 2926 mortem
878 2853 1082 2950 propinare,
1101 2877 1168 2926 nec

215 2971 376 3065 rapidius
393 2970 480 3042 soeta
495 2972 610 3041 leaena
625 2971 753 3066 lupum
771 2970 912 3056 sternit,
931 2969 1078 3064 tigrisve
1096 2977 1168 3040 ter-

215 3092 283 3171 ret,
312 3108 420 3181 quam
449 3085 613 3179 generosi
640 3086 756 3157 nostri
783 3085 899 3180 togati
925 3083 1168 3157 confuderunt

215 3209 279 3274 aut
300 3200 473 3296 fugarunt
495 3207 652 3274 armatos
676 3199 811 3286 hostes,
835 3208 873 3272 et
896 3199 1061 3296 quamvis
1087 3199 1167 3272 diu·

215 3317 288 3390 tius
318 3317 389 3389 ista
417 3315 528 3412 priori
562 3324 683 3389 turma
717 3316 850 3389 nostris
881 3315 1082 3404 resistebat,
1114 3324 1167 3388 ta-

215 3456 298 3504 men
311 3440 396 3528 post
413 3439 570 3524 stragem
587 3457 756 3528 magnam
770 3456 933 3519 suorum,
947 3433 1057 3504 talem
1071 3432 1166 3526 sapi-

214 3557 317 3622 entes
350 3547 509 3620 inierunt
540 3549 730 3634 cautelam,
758 3550 902 3643 qualem
935 3572 1011 3620 non
1043 3547 1167 3643 fugam

215 3666 279 3737 sed
320 3667 486 3761 pulcram
528 3664 781 3735 retractionem
827 3662 1053 3740 invincibiles
1104 3687 1166 3736 ore

215 3779 313 3853 Galli
339 3789 426 3854 sunt
453 3779 588 3852 assueti
614 3778 773 3850 vocitare
785 3809 795 3864 ;
822 3777 937 3850 nostri
964 3801 1051 3851 vero
1079 3802 1165 3850 con·
1198 3875 1203 3882 ⁶

64 3913 67 3922 '
175 3897 411 3970 ‘siderantes
446 3895 544 3992 quod
578 3893 691 3990 gratia
725 3892 845 3988 campi
878 3891 948 3965 fuit
984 3892 1164 3985 ambigua,

214 4013 387 4107 quamdiu
424 4021 618 4089 coronatus
661 4034 746 4083 oum
787 4009 862 4081 suis
901 4007 1016 4102 copiis
1055 4007 1166 4079 affore

212 4138 348 4224 posset,
383 4129 551 4224 quodque
583 4127 703 4201 vicina
736 4127 829 4198 valle
864 4123 1004 4218 lateret,
1039 4123 1164 4194 nolue-

85 4269 88 4276 ·
212 4254 299 4319 runt
340 4246 491 4342 proinde
532 4243 787 4341 persequuturi
824 4239 1003 4335 fugientes
1037 4240 1164 4313 cedere
