3110 5026
268 635 345 685 run.
358 610 483 704 1356.]
522 635 568 684 nu
588 633 716 682 aaran
736 633 783 680 nu
801 632 1042 682 swruanorrn.
1146 609 1219 688 247

264 759 437 836 tractibus
462 760 650 858 implicari,
678 760 875 833 dummodo
902 784 977 832 non
1005 769 1101 834 esset
1127 786 1219 860 prae-

264 900 359 965 sens,
383 887 424 952 et
447 886 571 974 posset
596 874 857 982 communicati
882 876 1016 950 laboris
1042 887 1079 951 et
1105 879 1219 952 ambi-

264 1019 344 1090 guae
370 995 524 1069 fortunae
554 996 662 1070 duras
694 1017 758 1066 seu
787 994 915 1066 molles
946 993 1103 1070 sarcinas
1132 1020 1219 1070 con·

262 1109 366 1183 ferre.
421 1111 577 1184 Proinde
607 1109 787 1205 congestis
818 1107 943 1204 copiis,
972 1135 1062 1206 quas
1091 1095 1220 1186 habuit

206 1213 208 1216 ⁵
264 1249 390 1298 secum
414 1227 453 1298 in
479 1227 628 1312 ducatu,
646 1249 732 1298 cum
755 1213 955 1297 intentione
981 1235 1081 1299 trans
1106 1227 1220 1301 Fran-

264 1343 357 1415 ciam
392 1343 525 1439 cupitis
556 1343 690 1414 osculis
723 1340 883 1436 paternis
917 1365 956 1413 se
989 1352 1218 1437 praesentare,

263 1458 366 1531 venit
382 1459 428 1532 ad
445 1459 705 1555 Brugeracum‚
723 1458 787 1530 ubi
810 1455 1029 1531 certificatus
1047 1460 1219 1534 comitem

264 1574 464 1648 Arminiaci
481 1569 639 1648 voluisse
656 1583 741 1671 post
762 1576 841 1671 ejus
865 1599 1049 1649 recessum
1065 1576 1222 1678 patriam·

264 1691 515 1788 depopulasse,
540 1701 578 1765 et
603 1693 744 1765 adhoc
770 1692 901 1764 militia
930 1693 1078 1788 copiosa
1107 1679 1223 1792 stipa-⁴

263 1816 344 1881 tum
367 1834 434 1882 nec
460 1810 681 1906 imparatum
707 1809 829 1896 luisse,
856 1809 995 1882 remisit
1021 1810 1066 1882 ad
1091 1812 1219 1907 patriae

263 1926 415 2000 tutelam
458 1909 697 2000 senescallum
735 1925 925 1999 Gasconiae
959 1936 995 2000 et
1029 1928 1218 2002 dominum

262 2040 490 2116 Bernardum
512 2044 557 2116 de
580 2043 738 2131 Libreto,
763 2045 938 2140 majorem
958 2069 1102 2141 quoque
1124 2046 1218 2119 Bur-

263 2159 502 2255 degalensem,
530 2161 710 2256 simulque
736 2162 897 2234 cumeis
924 2161 1013 2235 alios
1032 2163 1218 2236 Gascones

262 2286 298 2350 et
320 2301 492 2372 magnam
518 2278 669 2348 classem
695 2284 915 2370 togatorum.
967 2277 1109 2350 Exinde
1132 2304 1218 2375 pro-

262 2395 372 2469 cessit
394 2393 563 2488 princeps
586 2393 626 2464 in
647 2391 850 2478 Franciam,
869 2392 1028 2464 directus
1051 2417 1117 2488 per
1139 2396 1217 2489 pla-

262 2533 325 2606 gas
343 2509 634 2582 Limonicensem
656 2516 693 2580 et
716 2507 949 2580 Bemensem.
1003 2507 1110 2581 More
1130 2511 1217 2590 boni

262 2626 434 2700 antistitis
461 2649 546 2699 suos
571 2625 785 2699 hortabatur
810 2626 979 2721 princeps
1005 2649 1217 2722 progressu-

261 2768 321 2817 ros
344 2745 383 2817 in
405 2744 541 2830 hostes,
564 2767 639 2816 non
659 2743 815 2815 inermes
833 2743 966 2839 palare,
985 2744 1049 2822 sed
1066 2767 1218 2840 corpora

262 2861 444 2956 corporeis
478 2859 710 2936 armamentis
748 2869 785 2931 et
821 2859 958 2932 animos
992 2860 1218 2956 poenitentiae

261 2976 569 3073 Eucharistiaeque
612 2977 846 3049 sacramentis
880 2976 932 3048 ita
965 2977 1139 3064 decorari,
1174 2988 1217 3054 ut

261 3102 388 3167 eontra
421 3094 571 3166 rebelles
604 3093 711 3188 regiae
744 3093 826 3189 paci
861 3093 1067 3165 dimicaturi
1100 3096 1217 3190 parati

262 3211 392 3298 forent,
419 3212 557 3284 honore
582 3209 773 3306 temporali
798 3208 973 3297 viventes,
994 3219 1030 3283 et
1056 3210 1217 3292 aeternali

260 3329 468 3415 morientes,
505 3336 543 3400 at
575 3325 769 3422 utrobique
802 3325 989 3402 vincentes
1023 3328 1214 3423 praemiari

260 3443 341 3517 Nec
371 3443 602 3540 praetermisit
635 3453 729 3516 artes
762 3443 953 3538 prudentis
987 3443 1216 3540 imperatoris

261 3563 367 3659 cujus
388 3563 497 3636 refert
522 3564 641 3636 exitus
662 3587 784 3636 rerum
808 3563 940 3650 metiri,
960 3571 996 3636 et
1013 3587 1216 3658 praecavere

261 3678 422 3774 pericula
461 3701 637 3764 suorum;
688 3679 752 3750 sed
785 3679 980 3774 praemissis
1015 3679 1215 3752 illustribus

260 3795 347 3871 viris
381 3795 524 3868 Joanne
558 3793 768 3880 Chaundos,
807 3793 947 3868 Jacobo
981 3793 1217 3891 D’Audeleye

260 3923 297 3987 et
323 3939 449 3988 eorum
475 3911 713 4008 complicibus
739 3911 778 3983 in
804 3920 881 3983 arte
905 3912 1059 3984 tironica
1085 3911 1218 3982 suffici-

262 4039 364 4104 enter
401 4031 572 4128 expertis,
608 4029 653 4102 ad
697 4027 1037 4124 discooperiendum
1079 4034 1217 4099 statum

261 4147 387 4242 patriae
416 4147 569 4237 hostilis,
601 4170 647 4220 ne
681 4147 803 4220 forsan
833 4143 971 4216 insidiae
1001 4142 1218 4218 imboscato-

263 4288 344 4338 rum
373 4263 507 4336 nostris
537 4264 742 4361 improvisis
773 4270 921 4360 repente
951 4260 1215 4356 prosiluissent,
