3136 5016
392 609 435 678 18
650 625 870 700 ennomcon
891 629 1073 676 asarmot

387 755 504 827 sibilia
528 752 792 826 continentem.
844 752 892 825 Et
915 753 1048 826 dicitur
1070 753 1342 828 firmamentum

387 893 462 941 non
484 857 628 942 tantum
652 877 804 965 propter
827 869 1058 954 soliditatem,
1078 868 1142 940 sed
1163 868 1248 964 quia
1270 877 1342 940 ter-

387 986 508 1057 minus
542 993 597 1058 est
630 1009 807 1080 aquarum
842 1010 921 1080 quae
956 1008 1065 1081 super
1098 984 1221 1080 ipsum
1255 993 1341 1056 sunt

384 1099 512 1174 firmus
547 1109 584 1174 et
617 1101 967 1196 intransgressibilis.
1020 1101 1159 1173 Dicunt
1193 1100 1341 1196 quidam

387 1217 486 1313 quod
515 1217 587 1289 isto
615 1217 672 1289 die
699 1216 845 1289 Lucifer
873 1218 1022 1311 angelus
1053 1226 1161 1312 atque
1189 1216 1250 1288 alii
1278 1215 1340 1311 qui

386 1357 453 1406 suo
475 1334 625 1407 consilio
644 1340 917 1419 consenserunt,
937 1334 981 1405 de
999 1334 1093 1405 coelo
1115 1342 1201 1405 sunt
1222 1332 1338 1428 ejecti,

387 1459 424 1523 et
446 1450 527 1523 idco
551 1449 639 1523 feria
662 1451 822 1524 secunda
845 1451 889 1523 de
913 1449 1049 1545 angelis
1073 1448 1137 1546 qui
1160 1473 1340 1521 remanse-

386 1575 472 1639 runt
489 1566 528 1638 in
544 1566 725 1661 aliquibus
743 1564 904 1638 ecclesiis
921 1565 1033 1638 missa
1051 1565 1262 1637 celebratur.

436 1680 559 1753 Tertio
581 1681 638 1752 die
661 1681 894 1776 congregavit
910 1679 1011 1754 Deus
1030 1705 1154 1777 aquaS,
1175 1705 1255 1778 quae
1273 1681 1341 1753 sub

385 1796 613 1869 firmamento
631 1804 746 1882 erant,
765 1796 804 1867 in
821 1819 937 1868 unum
958 1797 1082 1869 locum
1106 1805 1143 1869 et
1167 1806 1255 1869 tunc
1277 1821 1340 1892 ap·
1395 1836 1402 1841 -

385 1913 507 2008 paruit
525 1910 635 1998 arida,
655 1911 764 1983 idest
782 1920 888 1984 terra.
943 1912 1190 2008 Produxitque
1213 1913 1341 1985 eodem

385 2028 442 2100 die
464 2028 615 2099 herbam
635 2027 813 2100 virentem
836 2037 873 2100 et
896 2028 1089 2101 facientem
1112 2053 1247 2117 semen,
1271 2029 1338 2123 lig-

384 2150 545 2239 numque
579 2143 811 2240 pomiferum,
842 2143 977 2216 faciens
1012 2144 1174 2218 fructum
1209 2169 1337 2218 secun-

385 2261 474 2333 dum
491 2283 605 2354 genus
623 2284 742 2331 suum.

436 2376 578 2462 Quarto
605 2377 663 2450 die
691 2402 770 2473 quae
798 2379 1024 2474 disposuerat
1054 2378 1168 2473 coepit
1194 2403 1334 2466 ornare,

383 2503 422 2568 et
439 2495 535 2568 sicut
552 2493 828 2591 dispositionem
850 2493 902 2567 sic
920 2503 1089 2566 ornatum
1108 2518 1129 2565 a
1146 2495 1339 2590 superiori·

384 2613 453 2686 bus
487 2612 685 2699 inchoavit,
717 2612 855 2685 scilicet
889 2634 911 2683 a
943 2611 1184 2684 firmamento.
1237 2611 1338 2685 Fecit

382 2730 482 2802 enim
498 2753 541 2802 ea
557 2730 630 2802 duo
646 2729 841 2802 luminaria
857 2751 999 2824 magna,
1017 2718 1185 2801 videlicet
1211 2729 1335 2815 solem,

383 2848 509 2920 lunam
535 2856 573 2919 ct
602 2848 737 2930 stellas,
764 2871 844 2940 quae
872 2846 1007 2917 coelum
1032 2853 1175 2930 omant,
1202 2853 1336 2917 terram

383 2963 602 3046 illuminant,
628 2971 863 3057 temporaque
887 2959 1128 3055 distinguunt,
1154 2968 1190 3033 et
1213 2961 1335 3058 posuit

382 3101 445 3150 aas
461 3077 501 3148 in
516 3077 757 3148 firmamento.

435 3190 576 3276 Quinto
603 3189 660 3262 dic
687 3190 829 3262 ornavit
856 3187 957 3261 Deus
983 3198 1104 3261 aerem
1129 3198 1166 3263 et
1190 3213 1334 3287 aquam,

383 3308 545 3380 volatilia
568 3306 658 3378 dans
685 3305 770 3391 aeri,
789 3314 826 3376 et
851 3304 1014 3377 natantia
1038 3306 1153 3401 aquiS,
1173 3314 1210 3379 et
1234 3317 1334 3380 utra-

383 3449 455 3520 que
473 3447 517 3494 ex
535 3421 638 3518 aquis
655 3419 752 3492 fecit.

434 3539 545 3611 Sexto
569 3537 626 3608 die
652 3535 737 3609 fecit
759 3537 935 3631 jumenta,
957 3536 1091 3610 bestias
1116 3548 1154 3610 et
1178 3539 1332 3634 reptilia,

383 3657 430 3728 ad
452 3665 555 3726 terrae
575 3653 705 3726 faciem
722 3653 933 3725 ornandam.
986 3652 1194 3727 Novissime
1212 3663 1334 3727 autem

242 3759 248 3764 ⁴
384 3773 423 3842 in
452 3770 764 3843 consummatione
797 3771 973 3858 omnium,
1005 3771 1199 3867 plasmavit
1233 3771 1334 3844 Deus

383 3888 569 3960 hominem
597 3887 756 3960 delimo
784 3879 887 3960 terrae
914 3888 952 3959 in
980 3913 1067 3983 agro
1094 3888 1332 3976 Damascena,

384 4006 443 4078 cui
471 4005 570 4077 dedit
600 4005 769 4102 spiritum
799 4005 845 4077 ad
874 4005 1070 4101 imaginem
1099 4013 1136 4077 et
1165 4005 1333 4078 similitu·

384 4123 507 4196 dinem
533 4145 637 4195 suam
662 4131 836 4207 creatum,
861 4130 898 4194 et
923 4131 1095 4194 vocatum
1120 4130 1176 4192 est
1201 4145 1334 4194 nomen

384 4239 462 4334 ejus
480 4238 611 4312 Adam.
664 4237 936 4331 Transtulitque
959 4261 1044 4310 cum
1064 4238 1102 4308 in
1123 4235 1334 4310 Paradisum
