3110 5026
242 633 453 726 n.n.l355.]
499 657 544 706 na
565 654 692 706 nnana
711 655 758 704 on
779 653 1018 706 swmaaorrn.
1115 631 1187 706 235

239 786 455 858 secularium
503 793 539 858 et
585 789 787 857 conventus
835 783 1038 872 Minorum,
1081 795 1190 884 atque

238 898 516 984 carmelitarum
548 900 662 974 beatae
695 898 835 988 Mariae,
879 902 968 974 item
1009 902 1190 1000 hospitale

237 1016 353 1090 saneti
380 1017 544 1104 Antonii,
571 1025 608 1090 et
634 1016 722 1089 villa
747 1026 877 1090 vocata
902 1020 955 1092 les
982 1018 1118 1096 Manus
1146 1021 1191 1094 de

237 1131 491 1218 Fuscianum
521 1140 704 1206 conventu
729 1130 1082 1226 Augustiniensium,
1111 1162 1190 1212 om·

237 1248 298 1320 nia
332 1248 476 1320 suerant
505 1247 652 1342 ignibus
682 1258 910 1344 consumpta.
963 1248 1034 1324 Die
1062 1251 1191 1346 Domi-

236 1365 331 1449 nica,
366 1364 503 1438 seilicet
540 1363 579 1437 in
619 1362 712 1437 sesto
747 1362 925 1438 Omnium
960 1364 1190 1458 Sanctorum,

237 1481 374 1578 quievit
417 1480 608 1566 exercitus
649 1503 672 1552 a
714 1503 786 1575 quo
827 1480 975 1576 quidam
1017 1494 1192 1560 exeuntes

237 1597 510 1692 conquisierunt
537 1620 649 1668 unam
675 1595 812 1683 villam,
841 1596 901 1670 cui
929 1607 972 1671 ut
1001 1610 1192 1694 parcerent

236 1724 273 1788 et
308 1714 445 1788 catallis
477 1736 614 1801 eorum,
646 1713 821 1815 oppidani
854 1714 1033 1791 dederunt
1065 1717 1192 1790 decem

236 1830 349 1904 millia
369 1829 577 1902 florentium
598 1853 802 1904 aureorum.
857 1829 925 1904 Die
942 1831 1056 1905 Lunae
1073 1840 1191 1907 trans·

235 1948 355 2021 ierunt
385 1971 451 2044 per
481 1947 586 2022 villas
616 1956 750 2020 sanotae
781 1944 939 2022 Marthae
965 1948 999 2022 le
1026 1949 1125 2037 Port,
1153 1959 1191 2026 et

235 2063 411 2160 oppidum
439 2063 573 2161 grande
599 2073 771 2138 vocatum
796 2063 1053 2163 Vilkapinche,
1081 2075 1117 2141 et
1145 2092 1190 2141 ex

236 2189 324 2253 tuno
358 2182 540 2254 intrarunt
572 2181 728 2275 patriam
758 2178 989 2269 Carkasonae,
1019 2191 1056 2258 et
1089 2183 1189 2280 prin-

237 2320 321 2392 ceps
368 2296 621 2392 hospitabatur
668 2296 767 2390 apud
812 2297 977 2369 viculum
1018 2307 1190 2372 vocatum

236 2412 336 2484 Alse.
398 2410 468 2482 Die
502 2409 633 2482 Martis
667 2410 894 2483 advenerunt
926 2410 1188 2500 Carkaeonam,

235 2528 358 2600 villam
384 2527 560 2624 pulcram,
587 2525 825 2622 praedivitem,
852 2535 889 2599 et
915 2528 1007 2599 bene
1034 2527 1189 2602 aedifica-

235 2653 323 2731 tam,
350 2645 563 2741 ampliorem
591 2643 791 2716 Londoniis
818 2643 913 2718 infra
939 2666 1075 2719 muros.
1128 2645 1189 2718 In-

236 2769 291 2834 ter
324 2761 451 2834 villam
480 2760 711 2856 Seuburgum
745 2770 782 2832 et
816 2761 1001 2834 civitatem
1035 2762 1189 2836 circum·
1330 2835 1334 2844 ,

236 2877 394 2950 cinctam
408 2878 560 2974 duplici
590 2901 708 2965 mum,
738 2878 906 2952 currebat
939 2888 1191 2973 aqua-vocata

239 3049 441 3065 ......
470 2994 538 3066 sub
560 3001 672 3089 ponte
696 2995 824 3090 pulcro
848 2991 1002 3090 petrino,
1021 2995 1067 3067 ad
1084 2997 1189 3092 cujus

236 3109 368 3207 pedem
400 3111 568 3206 pulcrum
597 3110 776 3206 hospitale
806 3111 876 3183 fuit
906 3111 1092 3184 situatum.
1145 3112 1190 3185 In

236 3227 351 3322 burgo
393 3227 541 3300 suerunt
588 3235 743 3323 quatuor
790 3236 991 3300 conventus
1011 3307 1013 3310 ,
1034 3237 1190 3324 quatuor

237 3367 439 3440 pauperum
464 3343 727 3439 religiosorum,
745 3368 900 3439 quorum
926 3343 1094 3433 ministri,
1119 3346 1189 3419 soi·

236 3460 322 3532 licet
364 3459 503 3546 fratres
546 3484 621 3533 non
662 3461 845 3557 fugerunt,
879 3446 1124 3558 burgensibus
1152 3471 1189 3536 et

238 3573 438 3646 minorissis
461 3598 540 3669 quaa
564 3576 637 3647 illio
660 3577 768 3652 etiam
791 3577 1014 3666 habitabant,
1040 3578 1079 3651 in
1101 3578 1189 3652 civi·
1223 3629 1234 3648 .

237 3698 349 3766 tatem
378 3689 611 3786 fngientibus.
666 3692 711 3764 In
737 3694 853 3788 burgo
880 3702 979 3770 totus
1009 3695 1189 3770 exereitus

237 3809 328 3882 bene
358 3817 394 3882 et
423 3808 522 3882 laute
550 3810 768 3907 hospitatur,
799 3810 862 3884 vix
891 3813 1086 3912 occupavit
1115 3822 1189 3888 tres

238 3925 315 4021 ejus
343 3935 501 4022 quartas,
532 3928 720 4002 abundans
746 3928 830 4004 vino
860 3938 1025 4004 muscato
1054 3938 1091 4002 et
1121 3952 1189 4000 oae-

238 4043 324 4116 teris
351 4043 569 4118 victualibus
595 4052 671 4118 tam
697 4045 860 4120 delicatis
888 4069 997 4142 quam
1024 4068 1188 4118 necessa-

239 4158 311 4232 riis.
365 4159 441 4234 Isto
463 4162 521 4234 die
542 4162 636 4240 acies
657 4171 742 4235 ante
759 4163 916 4258 burgum
933 4160 1081 4234 fuerunt
1097 4161 1189 4236 bene

238 4275 421 4365 ordinatae,
440 4287 476 4353 et
502 4280 620 4356 effecti
646 4281 779 4356 milites
805 4280 870 4354 filii
896 4278 1032 4354 domini
1058 4266 1103 4351 de
1129 4279 1196 4353 Li·-
