3136 5016
356 637 403 708 26
621 659 847 710 cunourcou
868 663 1050 714 ornrnrnr

356 787 439 860 dnm
457 786 618 860 mulieris
636 787 693 860 die
711 787 858 861 Paschae
879 791 1193 878 communicantis,
1213 793 1307 866 clam

355 904 570 999 amputavit,
607 928 717 999 quam
753 907 859 978 beata
891 907 995 1000 virgo
1029 909 1098 981 sibi
1132 910 1176 983 de
1210 909 1306 984 facto

353 1019 546 1114 poenitenti
564 1019 779 1094 miraculose
796 1021 956 1095 restituit
1159 1026 1244 1099 903.
1388 1105 1393 1122 Ι

403 1136 498 1209 Α.]).
517 1137 605 1211 464.
635 1137 695 1210 Ab
712 1139 815 1211 obitu
833 1140 1007 1234 ejusdem,
1022 1165 1136 1236 quum
1154 1142 1307 1215 sedisset

354 1254 404 1325 20
426 1254 543 1340 anniS,
566 1255 692 1327 diebus
715 1253 775 1329 27.
828 1250 968 1328 Eodem
993 1266 1117 1330 autem
1142 1268 1305 1354 tempore

353 1369 559 1444 Priscianus
578 1372 834 1467 grammaticus
851 1372 974 1446 floruit
1177 1375 1262 1446 883.

402 1486 497 1560 Α.]).
519 1488 605 1560 536.
643 1489 702 1561 Ab
723 1489 825 1562 obitu
846 1490 963 1563 sancti
987 1489 1176 1564 Benedicti
1196 1493 1304 1564 abba·
1394 1533 1400 1542 ·

352 1605 399 1677 tis
425 1605 644 1679 institutoris
672 1606 809 1678 ordinis
838 1607 1112 1680 monachorum.
1165 1607 1303 1681 Eodem

350 1730 514 1818 ternpore
537 1731 684 1795 sanctus
707 1720 874 1809 Maurus
893 1722 1082 1797 Benedicti
1104 1725 1303 1821 discipulus

352 1838 481 1911 claruit
684 1839 769 1910 811.

395 1951 492 2025 Α.]).
514 1952 598 2028 591.
639 1952 774 2026 Beatus
791 1953 988 2049 Gregorius
1015 1955 1033 2025 I
1058 1958 1303 2052 apostolatum

349 2070 475 2142 Romae
502 2069 673 2164 suscepit.
737 2068 810 2142 Hic
838 2077 915 2142 erat
942 2071 1070 2143 doctor
1098 2071 1304 2145 divinarum

349 2186 612 2280 scripturarum
646 2185 915 2270 solertissimus,
947 2187 1010 2282 qui
1044 2189 1094 2258 40
1127 2188 1303 2262 homelias

349 2301 567 2398 composuit,
585 2302 657 2375 Job
679 2311 714 2375 et
739 2301 968 2374 Ezechielem
992 2305 1173 2398 exposuit,
1191 2307 1302 2401 regis-

349 2430 448 2492 trum
470 2421 506 2491 'et
528 2419 747 2515 pastoralem
770 2418 954 2512 dialogum
971 2416 1067 2490 lecit.
1118 2417 1193 2492 Hic
1211 2419 1305 2493 Gre-
1419 2488 1424 2494 .

348 2537 470 2632 gorius
504 2535 654 2610 beatum
687 2535 938 2632 Augustinum
972 2534 1194 2608 monachum
1233 2562 1302 2633 pro
1332 2599 1336 2605 .

245 2707 248 2716 ,
347 2653 582 2726 conversione
609 2652 808 2740 Saxonum,
837 2659 874 2725 et
899 2652 970 2725 fide
997 2652 1235 2748 predicanda,
1263 2654 1302 2726 in

346 2771 515 2866 Angliam
535 2770 739 2858 destinavit,
758 2770 989 2866 episcopatus
1007 2769 1064 2842 sui
1083 2793 1178 2842 anno
1197 2780 1301 2842 sexto

345 2927 547 2940 ----
575 2887 634 2958 56.

316 2991 319 2998 ⁴
396 3001 490 3075 Α.]).
510 2884 595 3073 6070.
633 3000 768 3072 Beatus
786 2997 1016 3093 Augustinus
1037 3001 1241 3074 monachus
1262 3001 1301 3073 in

346 3117 660 3213 archiepiscopum
688 3114 988 3186 cantuariensem
1023 3116 1219 3190 solenniter
1245 3126 1300 3190 est

348 3240 579 3309 consecratus
784 3228 867 3305 747.
1312 3279 1316 3286 .

394 3350 490 3423 Α.]).
520 3349 605 3422 604.
656 3348 715 3420 Ab
749 3348 851 3420 obitu
884 3347 1084 3421 beatissimi
1118 3347 1298 3444 Gregorii,

346 3485 461 3565 quum
478 3465 629 3539 sedisset
646 3466 772 3538 Romae
795 3468 838 3536 13
857 3464 973 3552 annis,
994 3465 1015 3536 6
1034 3465 1231 3552 mensibus,
1254 3468 1299 3539 10

345 3585 484 3669 diebuS,
501 3593 538 3657 et
555 3583 803 3679 septilormem
823 3581 989 3655 litaniam
1011 3582 1299 3656 statuisset——

348 3702 488 3889 74}ss
517 3815 602 3890 607.
645 3815 855 3889 Bonisacius
881 3813 936 3886 IV
961 3814 1088 3888 Romae
1118 3817 1298 3910 apostola-

345 3946 426 4008 tum
447 3933 619 4029 suscepit,
639 3933 702 4029 qui
723 3933 849 4005 statuit
870 3941 913 4003 ut
936 3930 1087 4026 singulis
1105 3931 1209 4003 annis
1227 3931 1298 4004 ses-

344 4063 425 4125 tum
452 4049 628 4122 Omnium
659 4047 876 4121 Sanctorum
906 4047 1160 4120 solennizetur.
1216 4047 1298 4118 Hoc

344 4179 507 4265 tempore
525 4165 716 4240 Heraclius
741 4166 938 4263 imperator
964 4173 1126 4237 sanctam
1152 4187 1299 4236 crucem

345 4288 383 4360 in
414 4285 618 4359 Jerusalem
652 4284 824 4381 portavit,
855 4292 907 4380 et
925 4283 1006 4356 ideo
1041 4279 1297 4354 exaltationem
