3136 5016
349 650 396 720 54
611 665 837 716 cuuourcou
858 666 1040 716 ornemur
1099 647 1192 736 [no.
1207 647 1303 718 1312

347 807 503 871 mortem
521 796 631 884 Petri,
645 794 802 890 ancipite
820 817 964 890 quoque
981 819 1048 868 sue
1064 797 1302 892 providentia,

347 914 469 996 nescia
485 914 590 1009 cujus
606 913 691 986 fidei
708 911 765 984 sui
782 911 931 984 consilia
949 921 1087 985 secreta
1106 924 1171 986 aut
1189 915 1304 987 vitam

347 1031 386 1102 in
409 1031 579 1126 periculis
601 1037 726 1125 posset
748 1028 1003 1100 commendare
1026 1029 1263 1102 amicabiliter
1283 1054 1305 1102 a

286 1201 290 1204 -
349 1148 453 1242 cujus
471 1146 628 1220 amicitia
648 1144 836 1218 manifeste
856 1146 915 1216 vel
935 1146 1078 1218 occulte
1095 1145 1195 1218 Petri
1211 1147 1303 1218 inte-

347 1263 441 1336 ritus
458 1262 697 1360 sequestravit
714 1262 861 1348 multos,
884 1261 964 1357 ipso
984 1271 1177 1358 propterea
1193 1264 1303 1336 armis
1368 1303 1373 1312 ·

348 1379 533 1476 neglectis,
544 1387 696 1453 vacante
714 1377 850 1450 solatiis
863 1377 1083 1474 quandoque
1098 1379 1194 1452 veris
1211 1401 1303 1452 non-

349 1521 538 1593 nunquam
554 1494 747 1581 simulatis
762 1493 864 1588 regni
877 1517 1021 1590 quoque
1038 1495 1248 1590 proceribus
1265 1497 1304 1569 in

348 1637 476 1687 necem
498 1613 597 1685 Petri
620 1621 825 1706 opportune
847 1609 1081 1706 infligendam
1104 1613 1302 1708 occupatis,

349 1729 532 1802 Robertus
546 1728 590 1800 de
603 1729 724 1822 Bruys
740 1725 815 1798 fere
832 1727 955 1799 omnia
971 1737 1089 1800 castra
1106 1738 1214 1824 atque
1231 1728 1303 1801 for-

349 1845 470 1918 talicia
492 1843 622 1916 Scotiae
644 1841 849 1938 acquisivit,
867 1851 904 1915 et
925 1845 1094 1916 custodes
1112 1845 1305 1940 deputatos

350 1985 416 2057 per
432 1981 555 2054 regem
572 1967 609 2032 et
625 1959 739 2054 ipsius
756 1965 898 2054 patrem
912 1961 1050 2034 amovit
1061 1961 1302 2057 velperemit.

349 2077 459 2148 Anno
474 2075 639 2170 sequenti
652 2098 698 2146 ex
711 2074 863 2147 consilio
880 2084 917 2148 et
934 2077 1161 2150 ordinatione
1177 2078 1303 2173 precla-

350 2201 473 2264 torum
484 2199 519 2263 et
531 2191 685 2262 aliorum
695 2189 1199 2287 nobiliumHugoDespenser
1208 2193 1305 2265 filius

348 2307 421 2379 fuit
433 2307 619 2380 ordinatus
633 2307 850 2380 camerarius
864 2306 971 2402 regis,
984 2308 1067 2380 loco
1079 2307 1189 2396 Petri,
1203 2309 1304 2405 prius

351 2425 396 2497 de
416 2425 536 2498 medio
557 2424 762 2510 substracti,
782 2448 903 2518 quem,
921 2423 993 2496 nisi
1009 2425 1169 2496 valentes
1188 2425 1305 2497 dicere

349 2543 460 2637 vulgo
477 2541 711 2626 mentiantur,
730 2563 795 2612 rex
808 2547 915 2612 antea
931 2539 1067 2612 nedum
1083 2540 1233 2613 minime
1251 2543 1304 2614 di·

335 2655 451 2752 lexit,
471 2655 585 2727 immo
602 2655 727 2741 odivit,
747 2662 783 2727 et
801 2678 845 2726 eo
861 2654 1034 2727 libentius
1052 2656 1097 2727 ad
1114 2656 1211 2728 idem
1228 2657 1305 2728 offi-

352 2772 450 2845 cium
476 2772 597 2869 ipsum
622 2773 820 2866 elegerunt,
849 2771 912 2866 qui
936 2773 1184 2866 postmodum,
1211 2773 1305 2868 regis

351 2893 473 2965 animo
503 2916 588 2987 erga
617 2890 739 2986 ipsum
772 2891 811 2961 in
844 2891 1035 2986 benignius
1067 2901 1304 2980 commutato,

351 3007 507 3079 eundem
539 3029 693 3077 exosum
720 3004 938 3078 babuerunt.
995 3006 1107 3080 Istius
1136 3007 1305 3104 Hugonis

354 3130 457 3216 pater
476 3130 564 3193 tunc
581 3119 735 3192 feliciter
755 3129 938 3217 superstes
962 3131 1039 3195 erat
1061 3147 1201 3220 magnae
1221 3149 1305 3220 pro-

351 3236 474 3309 bitatis
492 3237 608 3322 miles,
628 3237 779 3308 consilio
795 3239 982 3334 providus,
996 3239 1105 3312 arnris
1124 3249 1304 3328 strenuus

352 3353 456 3448 cujus
483 3353 732 3424 confusionem
750 3362 787 3425 et
803 3353 1089 3448 ignominiosum
1111 3356 1222 3428 finem
1245 3381 1305 3429 ac-

353 3469 552 3544 cumulavit
565 3493 666 3542 amor
678 3469 852 3542 naturalis
870 3471 933 3542 sed
951 3471 1183 3550 deordinatus
1197 3495 1305 3568 quem

352 3584 550 3658 visceribus
567 3587 727 3683 paternis
741 3587 852 3683 gessit
865 3611 950 3682 erga
961 3589 1177 3683 praedictum
1188 3589 1306 3661 filium

245 3769 253 3784 ,
354 3723 475 3788 suum,
504 3727 655 3800 corpore
680 3704 995 3792 formosissimum,
1023 3705 1154 3801 spiritu
1181 3729 1306 3802 super-

354 3816 556 3909 bissimum,
575 3828 660 3892 actu
676 3820 1011 3915 flagitiosissimum,
1031 3846 1139 3917 quem
1158 3824 1307 3920 spiritus

354 3934 562 4008 ambitionis
584 3944 620 4008 et
643 3937 852 4032 cupiditatis
871 3963 892 4010 a
908 3939 1100 4012 viduarum
1120 3950 1157 4012 et
1178 3940 1308 4037 orpha-

355 4073 485 4123 norum
502 4052 788 4126 exhaeredatione
809 4055 848 4126 in
868 4079 993 4128 necem
1016 4056 1195 4129 nobilium
1214 4052 1309 4149 regis

354 4168 622 4265 praecipuorum
643 4177 680 4240 et
704 4170 761 4242 sui
784 4171 898 4268 ipsius
922 4181 1031 4268 atque
1050 4172 1165 4270 patris
1185 4171 1309 4244 interi-

355 4291 436 4358 tum
452 4286 735 4382 praecipitarunt.
