3110 5026
351 625 425 696 202
604 643 831 694 canonicos
852 645 1040 695 esurium
1094 627 1306 716 [saleto

351 771 566 844 tholomaeus
596 771 641 843 de
672 769 1029 866 Burghasshescum
1059 773 1187 845 multis
1214 773 1307 861 aliis,

351 888 447 961 circa
475 887 608 960 festum
637 886 814 960 Omnium
846 886 1065 962 Sanctorum
1098 889 1308 964 transfreta·

350 1011 482 1078 verunt
518 1005 558 1076 in
595 1002 826 1092 Gasconiam,
866 1004 1022 1100 posituri
1063 1006 1308 1080 resistentiam

351 1119 624 1194 debacchationi
643 1120 797 1193 Joannis
823 1121 868 1192 de
885 1120 1046 1210 Valesio,
1070 1122 1136 1194 filii
1162 1122 1307 1218 tyranni

349 1238 583 1326 Francorum,
596 1237 659 1335 qui
672 1238 847 1311 ducatum
865 1237 969 1310 illum
981 1235 1090 1312 nimis
1107 1238 1304 1313 infestavit.

402 1355 546 1456 Interea
562 1355 756 1428 concilium
773 1356 891 1451 regale
908 1354 1087 1428 ordinavit
1104 1355 1203 1451 quod
1225 1357 1307 1429 nul·
1337 1361 1352 1383 ‘⁹

351 1474 409 1545 lus
427 1473 520 1568 regis
534 1472 770 1567 justiciarius,
789 1472 943 1545 durante
960 1481 1125 1568 tempore
1148 1472 1205 1544 sui
1228 1473 1306 1545 offi-

352 1591 409 1677 cii,
438 1589 614 1686 reciperet
640 1588 745 1674 feoda
773 1589 817 1661 de
844 1611 1074 1685 quocumque
1104 1612 1168 1662 seu
1196 1589 1305 1678 dona,

350 1716 591 1803 praeterquam
616 1707 661 1779 de
686 1729 780 1800 rege.
835 1705 930 1777 Item
952 1705 1124 1801 magister
1145 1705 1306 1779 Thomas

350 1821 625 1898 Bradewardine
651 1820 943 1917 archiepiscopus
969 1819 1187 1909 Cantuariae,
1213 1846 1305 1896 non-

351 1939 440 2010 dum
456 1937 723 2010 inthronizatus
740 1937 842 2025 obiit,
860 1945 897 2009 et
914 1937 1084 2034 magister
1104 1938 1241 2034 Symon
1258 1940 1306 2012 de

351 2055 447 2151 Islep
468 2055 506 2126 in
527 2055 606 2150 ejus
627 2077 876 2127 successorem
891 2055 1009 2128 fuerat
1027 2056 1175 2128 electus.
1228 2053 1304 2128 Ad-

349 2173 422 2245 huc
444 2172 515 2244 isto
539 2195 635 2244 anno
657 2172 697 2244 in
720 2172 896 2246 comitatu
920 2170 1085 2259 Oxoniae,
1108 2173 1215 2267 juxta
1236 2171 1305 2244 vil·
1332 2217 1336 2224 ·

349 2290 423 2362 lam
443 2311 524 2384 quae
546 2287 679 2362 dieitur
696 2286 1031 2385 Chepingnortone,
1053 2288 1306 2362 inveniebatur

350 2429 497 2503 serpens
513 2405 721 2501 bicapitata,
743 2405 880 2478 habens
903 2404 992 2478 duas
1015 2405 1124 2478 facies
1144 2405 1303 2480 foemini-

349 2546 426 2608 nas,
444 2543 559 2595 uuam
580 2545 682 2596 more
705 2521 848 2593 novello
870 2519 1105 2594 foeminarum
1125 2529 1302 2610 ornatam,

349 2641 457 2712 aliam
474 2661 618 2736 quoque
635 2638 839 2711 imitantem
857 2646 1028 2710 omatum
1045 2637 1248 2734 antiquum,
1266 2646 1304 2710 et

349 2753 476 2829 habuit
492 2757 566 2828 alas
583 2755 700 2850 largas
718 2754 763 2826 ad
780 2753 932 2826 modum
948 2752 1225 2850 vespertilionis.

398 2870 547 2944 ANNO
574 2869 725 2943 Domini
746 2869 853 2957 1350,
873 2869 987 2966 ipsius
1008 2870 1102 2966 regis
1126 2894 1221 2943 anno
1240 2872 1303 2956 24,

350 2988 487 3062 domini
508 3009 611 3084 papae
629 2986 831 3059 Clementis
848 2984 902 3058 VI
924 3010 1020 3059 anno
1049 3039 1212 3073 .....
1239 3011 1304 3060 an-

349 3129 418 3177 nus
444 3106 620 3200 jubelaeus
651 3103 801 3175 celebris
830 3103 1042 3190 habebatur,
1072 3126 1144 3197 quo
1175 3127 1303 3177 omnes

348 3220 547 3292 Christiani
572 3220 821 3314 apostolorum
845 3217 973 3290 limina
996 3218 1198 3304 visitantes
1224 3221 1303 3314 ple-

348 3359 433 3407 nam
469 3333 729 3428 indulgentiam
760 3333 805 3404 de
839 3331 1008 3405 omnibus
1041 3332 1203 3430 peccatis
1232 3336 1303 3409 rite

348 3450 503 3525 confessi
529 3459 565 3523 et
590 3447 738 3521 contriti
763 3447 995 3544 recipiebant.
1048 3447 1231 3525 Dominus
1256 3454 1303 3527 de

348 3567 516 3640 Fornival
541 3564 747 3640 inconsulta
763 3565 972 3640 temeritate
995 3567 1161 3640 hostibus
1187 3568 1301 3642 insul-

348 3695 429 3758 tans
452 3685 595 3783 capitur
617 3684 656 3756 in
678 3682 869 3772 Gasoonia,
897 3671 965 3758 nee
989 3687 1150 3759 multum
1174 3695 1302 3782 postea

348 3827 412 3877 rex
442 3827 548 3876 suum
578 3802 786 3900 passagium
818 3801 857 3874 in
887 3801 1078 3876 Franciam
1107 3802 1300 3891 ordinavit,

348 3921 412 3994 sed
444 3943 566 4022 comes
600 3919 818 3993 Lancastriae
851 3919 993 3994 rediens
1027 3921 1072 3993 de
1107 3917 1300 4007 Gasconia,

347 4039 529 4113 nuntiavit
554 4039 587 4110 ei
613 4038 657 4110 de
682 4036 819 4132 treugis
842 4035 954 4110 editis
970 4058 1036 4134 per
1057 4037 1192 4133 ipsum,
1211 4059 1300 4134 qua-

348 4179 430 4228 rum
448 4156 586 4230 ratione
604 4155 697 4250 regis
714 4151 958 4227 transfretatio
974 4153 1092 4227 fuerat
1111 4173 1299 4249 suspensa.

348 4271 424 4345 Isto
442 4296 549 4358 anno,
568 4271 606 4344 in
624 4270 681 4342 die
699 4269 815 4342 sancti
834 4265 994 4366 Georgii,
1019 4293 1083 4344 rex
1105 4265 1301 4344 celebravit
