3118 5008
236 638 310 687 nn.
326 595 447 708 1337]
494 642 538 690 nn
559 641 685 691 nausa
705 633 752 690 nu
772 617 1012 726 swrunnori'a.
1113 621 1182 698 129

234 765 319 836 dum
337 763 585 863 competenter
605 768 785 859 instructi,
803 762 1058 869 undecumque
1081 775 1181 846 veni-

232 890 343 972 entes,
372 884 410 955 in
433 883 603 980 Angliam
631 887 888 982 reciperentur,
918 898 954 961 et
984 883 1181 985 gauderent

232 1000 338 1072 certis
359 1001 555 1096 privilegiis
570 1034 579 1088 ;
606 995 771 1076 viverent
793 1004 942 1099 insuper
959 1005 1003 1077 de
1020 995 1109 1078 fisco
1126 1030 1181 1078 re·

230 1117 301 1211 gali
326 1142 521 1214 'quousque
551 1128 701 1214 possent
730 1121 920 1192 commode
954 1147 998 1192 ex
1028 1122 1181 1195 artificio

228 1231 369 1304 victum
402 1233 600 1328 adquirere.
671 1233 774 1307 Istud
810 1244 989 1308 statutum
1031 1238 1100 1310 etsi
1142 1239 1181 1310 in

227 1349 409 1446 principio
442 1345 633 1422 videbatur
666 1347 782 1423 fuisse¹
811 1347 1090 1439 infructuosum,
1126 1347 1179 1426 ta-

226 1489 311 1538 men
340 1449 469 1538 exinde
499 1490 556 1538 ars
575 1467 830 1562 -pannificandi
861 1463 974 1540 c'revit
1003 1469 1041 1538 in
1069 1492 1180 1565 regno

226 1579 344 1677 major
360 1581 398 1652 in
415 1582 620 1679 vigintuplo
638 1579 749 1678 quum
768 1591 852 1655 ante
868 1581 938 1655 fuit
955 1583 1043 1656 visa.
1097 1583 1179 1657 Sta-

225 1707 346 1773 tutum
374 1698 444 1771 fuit
473 1699 625 1795 insuper
651 1699 690 1770 in
719 1693 964 1795 parliamento*
988 1694 1176 1796 praedicto,

228 1815 325 1911 q'uod
351 1816 485 1898 nullus,
500 1815 540 1887 in
567 1823 755 1910 posterum
781 1810 924 1887 emeret
944 1814 1178 1890 deferendum

226 1955 387 2026 pannum
409 1932 454 2004 de
477 1931 617 2004 factura
637 1931 891 2018 transmarina,
911 1957 979 2005 nec
997 1934 1095 2028 quod
1112 1935 1175 2006 ali-

226 2049 305 2144 quis
322 2058 485 2122 uteretur
508 2048 648 2144 pellura
671 2049 741 2120 nisi
765 2049 827 2143 qui
851 2049 999 2122 haberet
1022 2049 1059 2121 in
1083 2052 1177 2123 redi-¹

225 2163 321 2238 tibus
338 2175 484 2239 centum
501 2165 621 2238 libras.

272 2280 383 2353 Anno
400 2279 550 2354 Domini
567 2279 674 2366 1337,
689 2282 782 2376 regis
801 2306 896 2354 anno
919 2273 975 2368 11,
995 2283 1091 2356 circa
1107 2285 1175 2358 fes-

222 2407 302 2469 tum
319 2397 436 2470 sancti
452 2396 643 2468 Michaelis
666 2396 798 2468 habitis
822 2396 1019 2468 Londoniae
1044 2400 1174 2493 parlia-

223 2522 346 2585 mento
377 2537 441 2608 per
470 2513 657 2584 dominum
687 2537 821 2607 regem,
850 2521 887 2584 et
914 2515 1175 2588 convocatione

221 2620 315 2701 cleri
330 2653 396 2725 per
419 2621 745 2725 archiepiscopum,
764 2625 881 2701 clerus
903 2621 977 2724 regi
996 2632 1175 2712 concessit

220 2747 398 2819 decimam
426 2746 650 2834 triennalem,
680 2754 716 2821 et
744 2746 871 2817 itidem
899 2745 966 2818 sibi
994 2750 1173 2822 concessit

220 2864 464 2936 communitas
477 2862 714 2958 burgensium
728 2872 764 2937 et
782 2861 1053 2960 forensecorum
1067 2864 1174 2959 quin'-¹

219 2967 475 3053 tamdecimam
493 2979 532 3050 in
549 2978 750 3051 subsidium
765 2970 907 3074 guerrae'
917 2976 1069 3051 Scoticae
1083 2974 1182 3053 tunc

218 3088 402 3184 ferventis,
427 3091 463 3168 et
489 3091 536 3168 ad
563 3087 804 3167 resistendum
832 3087 986 3190 tyranno
1013 3092 1181 3168 Franco·⁴

217 3237 310 3299 rum,
330 3237 435 3287 suam
452 3211 628 3285 saevitiam
644 3210 754 3283 minis
777 3219 813 3283 et
836 3205 941 3282 factis
962 3205 1168 3284 crudelibus

217 3329 442 3403 ostendenti:
470 3327 661 3425 utlagiavit
685 3352 816 3424 nempe
843 3328 902 3398 vel
930 3321 1075 3415 occidit,
1104 3339 1168 3401 aut

216 3444 463 3532 incarceravit,
485 3445 622 3517 catallis
648 3439 774 3517 eorum
797 3443 1015 3528 confiscatis,
1042 3468 1166 3516 ornnes

214 3561 377 3657 Anglicae
404 3560 560 3633 nationis
593 3560 631 3630 in
665 3584 776 3655 regno
803 3553 964 3631 Franciae
992 3569 1165 3656 repertos

214 3668 455 3768 comminatus
498 3678 541 3748 se'
577 3676 670 3778 velle
702 3675 830 3748 ulcisci
866 3675 995 3748 Scotos
1030 3677 1176 3752 amicos

214 3817 310 3868 suos
365 3791 519 3888 Insuper
542 3791 587 3864 de
611 3790 746 3864 ducatu
763 3784 970 3886 Aquitaniae
993 3799 1030 3864 et
1053 3794 1164 3865 comi-

214 3918 293 3983 tatu
309 3909 487 3983 Pontiniae
504 3933 579 3982 non
595 3907 741 4004 reliquit
757 3907 833 4003 regi
850 3907 975 3981 villam
999 3917 1061 3980 aut
1085 3933 1162 3982 cas-
1261 3904 1264 3912 ’

213 4035 322 4111 trum,
357 4025 454 4121 quod
489 4025 527 4098 in
559 4047 644 4098 suas
679 4021 819 4097 manus
842 4033 987 4120 poterat
1030 4023 1167 4095 seisire

211 4140 330 4213 Lanae
347 4164 432 4237 ergo
449 4141 552 4238 regni
572 4141 832 4216 mercatoribus
853 4143 920 4234 Pro
942 4145 1042 4210 certa
1063 4159 1163 4209 sum-

211 4247 271 4330 ina
295 4258 458 4354 pecuniae
475 4258 651 4344 venditas,
670 4267 713 4329 ut
729 4254 901 4352 pecunias
919 4252 1071 4338 celerius
1089 4255 1163 4347 quo

678 4397 691 4440 I
