3110 5026
352 631 425 742 246
605 651 831 730 canonicos
852 651 1035 700 anisium
1093 629 1145 719 [n.
1150 651 1186 700 n
1197 627 1308 701 1356

353 781 589 856 Normanuiae
619 780 807 853 direxit't
778 789 847 853 iter
873 803 983 852 suum
1009 802 1136 852 versus
1164 780 1311 853 Britan-

355 901 465 986 niam,
494 899 599 993 cujus
626 897 744 970 fuerat
770 897 981 993 capitaneus
1010 897 1235 970 constitutus
1267 897 1313 970 de

356 1040 463 1103 novo,
479 1017 539 1088 rel
561 1015 664 1088 aliter
686 1023 729 1087 ut
752 1015 922 1099 creditur,
944 1008 1129 1110 putabant
1144 1015 1313 1110 vulgares

356 1156 478 1227 regem
502 1130 713 1203 Neustriam
742 1129 901 1226 petiisse,
928 1154 996 1226 pro
1022 1155 1065 1202 eo
1092 1131 1191 1227 quod
1216 1155 1313 1203 anno

356 1249 519 1346 praestito
554 1246 722 1320 dominus
756 1247 948 1344 Philippus
983 1270 1176 1342 germanus
1219 1247 1314 1343 regis

357 1366 523 1438 Navarra
539 1364 639 1437 venit
657 1365 695 1436 in
713 1363 881 1459 Angliam
905 1364 951 1435 ad
972 1365 1202 1460 praesentiam
1220 1365 1315 1460 regis

358 1491 394 1555 et
419 1483 597 1554 instanter
622 1480 751 1576 petivit
776 1480 964 1568 auxilium,
983 1506 1056 1576 quo
1079 1489 1203 1576 posset
1224 1480 1317 1552 deti-

358 1598 528 1671 nentibus
551 1620 673 1692 regem
697 1597 846 1670 fratrem
868 1621 976 1676 suum
999 1597 1227 1670 vinculatum
1250 1621 1316 1669 no-

359 1737 452 1803 cere,
470 1724 508 1788 et
529 1715 665 1811 praedia
684 1715 766 1809 jure
788 1715 908 1787 debita
924 1714 1098 1811 praedicto
1116 1714 1219 1804 fratri
1237 1738 1315 1801 suo,

360 1832 425 1905 sed
451 1833 573 1904 minus
600 1832 698 1927 juste
729 1833 886 1919 detenta,
914 1833 1044 1906 bellica
1073 1856 1185 1904 manu
1216 1855 1318 1904 recu·

359 1970 496 2044 perere.
551 1946 668 2040 Igitur
697 1949 852 2020 offerens
886 1948 1096 2045 homagium
1130 1956 1167 2021 et
1197 1949 1320 2045 jurata

360 2063 544 2149 fidelitate,
576 2062 713 2158 recepit
743 2087 788 2135 ex
818 2065 1044 2138 ordinatione
1078 2066 1172 2162 regis
1203 2065 1319 2137 domi-

320 2255 323 2259 ,
361 2204 450 2251 num
484 2164 663 2250 Milonem
697 2180 742 2252 de
778 2179 992 2277 Stapiltone,
1026 2183 1147 2255 virum
1181 2205 1320 2276 magnae

362 2293 552 2392 probitatis
594 2303 632 2367 et
671 2295 772 2368 mirae
806 2297 1009 2371 devotionis
1052 2298 1098 2371 ad
1140 2297 1319 2392 virginem

362 2413 517 2499 beatam,
540 2411 602 2483 sed
625 2410 764 2484 bellicis
787 2413 941 2509 negotiis
965 2413 1196 2509 experientiis
1220 2437 1320 2508 egre·

315 2573 323 2592 ·
364 2529 432 2624 giis
454 2529 688 2615 instructum,
714 2528 890 2624 collegam
912 2529 1163 2602 fidelissimum
1186 2529 1320 2602 laboris

365 2644 492 2741 optati.
545 2643 802 2717 Praenominati
828 2646 897 2718 viri
924 2647 1087 2719 bellicosi
1117 2671 1201 2719 cum
1230 2647 1321 2719 duo-

365 2762 434 2834 bus
467 2759 628 2833 millibus
661 2770 870 2856 togatorum
903 2762 1117 2836 Neustriam
1153 2763 1323 2860 proiecti,

366 2878 522 2973 patriam
540 2879 862 2974 transequitarunt‚
882 2881 1066 2978 capientes
1086 2881 1222 2980 oppida
1241 2905 1323 2953 mu-

368 3003 447 3067 rata
485 3003 521 3067 et
562 2995 650 3066 alias
684 2995 917 3084 munitiones,
949 3005 986 3069 et
1020 2997 1206 3069 nonnullis
1240 2997 1322 3092 igne

368 3111 607 3208 consumptis,
627 3112 706 3184 aliis
730 3113 861 3186 deditis
884 3122 921 3186 et
944 3115 1152 3210 redemptis,
1176 3136 1322 3210 proces-

368 3237 494 3300 serunt
518 3252 634 3322 usque
660 3229 705 3299 ad
732 3239 892 3302 castrum
919 3231 1113 3326 quoddam,
1133 3230 1232 3328 quod
1256 3255 1322 3303 no-

367 3367 451 3416 vem
485 3345 606 3415 leucas
641 3343 817 3417 duntaxat
852 3347 1088 3444 distinguitur
1122 3374 1143 3421 a
1176 3349 1323 3421 civitate

368 3460 572 3545 Parisiensi,
590 3483 657 3532 nec
679 3485 701 3533 a
724 3470 826 3534 tanto
850 3463 972 3537 labore
995 3490 1124 3538 vacare
1147 3467 1323 3539 curabant

370 3601 558 3672 quousque
579 3578 715 3674 treugis
737 3579 849 3669 initis,
872 3583 993 3656 annali
1016 3583 1182 3680 proximo
1202 3581 1324 3655 dicen-

370 3694 437 3782 dis,
455 3693 494 3766 in
510 3695 680 3792 Angliam
704 3698 900 3772 redierunt.
953 3701 1071 3797 Igitur
1094 3701 1192 3774 fama
1215 3702 1326 3796 plena

370 3812 517 3885 terroris
542 3815 737 3908 populares
762 3840 867 3890 aures
886 3817 1013 3890 Galliae
1037 3816 1224 3912 perculsit,
1244 3841 1324 3910 quae

371 3930 417 4002 ad
447 3931 614 4004 auditum
645 3933 783 4006 domini
813 3933 987 4029 principis
1016 3933 1116 4028 apud
1145 3932 1325 4027 Regulam

372 4049 591 4122 demorantis
619 4060 696 4122 erat
723 4051 907 4138 ventilata,
936 4058 973 4122 et
1001 4050 1141 4121 viscera
1169 4049 1325 4145 piissimi

371 4165 545 4262 principis
575 4167 774 4239 commovit
803 4191 896 4262 aegre
926 4192 994 4239 ceu
1022 4167 1232 4239 nullatenus
1252 4171 1324 4262 'po-

372 4283 481 4354 tentis
507 4283 656 4356 sufferre
684 4284 740 4356 sui
767 4283 880 4381 patris
907 4286 1062 4360 salutem
1087 4284 1221 4358 Martis
1247 4307 1337 4356 am..
