3110 5026
237 644 456 734 arelacta]
489 663 533 714 nn
554 663 681 713 annua
699 664 747 712 nu
766 663 1006 714 swrunaonn
1116 643 1180 716 191·

234 800 330 864 roto·
351 800 479 864 eontra
500 789 682 886 :Anglioos
700 788 893 885 potituros,
926 787 989 883 qui
1016 786 1186 883 blasphe-

234 907 548 988 mandosolebant
568 929 635 1002 pro
657 913 747 977 tune
766 928 832 1000 per
851 903 962 976 vilem
978 903 1185 998 Anglorum

139 1041 143 1047 ·
233 1030 388 1094 mortem
417 1020 550 1094 lascive
580 1019 750 1114 dejerare,
780 1020 844 1091 sed
872 1028 1034 1090 extrema
1062 1019 1184 1114 gaudii

232 1137 354 1210 Iustus
379 1158 575 1231 occupans,
594 1136 639 1206 ab
659 1134 823 1228 Angliais
848 1135 1023 1206 recedens.
1044 1135 1184 1228 gladius

148 1263 155 1274 “
232 1253 295 1324 irae
317 1253 399 1337 Dei,
419 1249 538 1323 Seotis
560 1250 600 1321 in
621 1247 782 1321 furorem
804 1257 841 1320 et
861 1273 927 1344 per
948 1250 1099 1344 lepram,
1116 1275 1186 1322 nec

232 1369 354 1446 minus
377 1365 679 1464 quamAnglicos
703 1388 771 1461 per
791 1374 1017 1461 apostemata
1039 1374 1076 1437 et
1098 1389 1185 1461 pus-

231 1487 331 1559 tulos
364 1485 548 1571 mactavit,
584 1484 649 1556 sed
681 1507 776 1558 anno
810 1482 976 1579 sequenti
1009 1482 1185 1556 Wallioos

230 1601 340 1674 etiam
370 1625 444 1673 una
470 1623 556 1672 eum
581 1598 744 1694 Anglieis
773 1599 945 1685 uastauit,¹
971 1606 1008 1670 et
1037 1598 1186 1671 tandem

230 1717 277 1790 ad
293 1716 508 1790 Hiberniam
524 1716 628 1812 quasi
645 1715 841 1803 velificans,
861 1714 1034 1810 Anglicos
1051 1713 1184 1787 ibidem

229 1833 433 1907 habitantes
462 1833 501 1904 iu
530 1855 661 1929 magno
693 1857 847 1906 numero
880 1833 1089 1928 prostravit,
1120 1833 1189 1905 sed

229 1971 340 2046 puros
360 1948 581 2024 Hibernicos
604 1950 643 2022 in
668 1951 856 2024 montibus
876 1959 913 2024 et
936 1950 1182 2047 superioribus

229 2065 390 2162 partibus
420 2066 589 2162 degentes
620 2066 693 2140 fere
722 2091 797 2140 non
827 2067 958 2162 tetigit,
989 2065 1107 2163 usque
1136 2061 1184 2141 ad

228 2205 364 2255 annum
382 2181 520 2256 Christi
544 2180 651 2269 1357,
670 2208 743 2278 quo
766 2183 952 2278 inopinate
975 2182 1074 2278 ipsos
1098 2207 1180 2278 pas-

229 2299 298 2371 sim
316 2307 353 2372 et
369 2298 577 2370 terribiliter
594 2297 738 2369 delevit.
791 2297 870 2370 Isto
884 2319 981 2368 anno
998 2322 1065 2393 pro
1083 2306 1182 2371 treu-

228 2413 283 2508 gis
325 2410 541 2484 renovandis
575 2431 640 2482 seu
673 2432 762 2505 pace
799 2410 900 2482 finali
942 2410 1179 2500 reformanda,

227 2525 508 2601 transfretarunt
542 2525 751 2621 episeopus·
765 2515 1023 2613 Neruioensis,¹
1059 2549 1181 2600 eomes

228 2641 515 2727 Norbamtoniae‚
569 2665 689 2714 comes
741 2641 955 2728 Staffo'rdiae,
1003 2643 1180 2717 Ricardus

227 2759 370 2846 Tuber,
390 2758 576 2831 Walterus
601 2756 748 2852 Magne,
773 2758 917 2845 milites,
939 2757 1070 2854 quibus
1092 2758 1182 2831 Gal--

226 2876 288 2949 liei
313 2874 463 2971 pacifice
488 2883 736 2962 occurrerunt,
762 2876 825 2946 sed
850 2875 1047 2947 noluerunt
1071 2875 1179 2948 alicui

227 2992 309 3090 paci
342 2991 443 3063 finali
475 2989 661 3077 assentire,
696 2990 767 3063 nisi
797 2989 937 3067 Calesia
966 2990 1101 3065 fuisset·
1128 2992 1182 3094 eis

227 3107 407 3194 restituta,
421 3131 506 3203 quae
529 3105 599 3180 fuit
621 3107 673 3179 eis
696 3107 884 3203 denegata,
903 3115 940 3180 et
962 3115 1097 3202 treugas
1114 3132 1179 3205 per

85 3257 88 3262 ·
228 3243 372 3298 aunum
392 3224 576 3296 duraturae
594 3222 749 3295 ‘fuerant
777 3223 1008 3296 continuata.
1062 3222 1179 3298 Caete-

227 3363 320 3424 rum-
334 3363 456 3414 eomes
480 3339 667 3426 flandriae,
686 3361 794 3435 quem
814 3338 1052 3412 Flandrenses
1072 3342 1179 3414 nolu-

227 3464 342 3530 erunt.
356 3457 460 3529 aliter
481 3457 652 3552 recipere,
677 3456 759 3543 nisi,
783 3455 938 3552 tyranno
955 3453 1177 3529 Francorum

227 3572 491 3658 abrenuntiato,
510 3573 585 3667 regi
601 3572 744 3666 Angliae
759 3573 970 3644 fidelitatem
993 3561 1030 3646 et
1046 3572 1179 3646 boma-

227 3683 345 3784 giums
362 3695 469 3760 antea
491 3687 559 3758 sub
577 3687 785 3781 juramento
803 3689 961 3760 solemni
986 3691 1175 3785 promissa,

226 3803 336 3877 vellet
358 3802 538 3888 exhibere,
565 3803 724 3898 plenarie
745 3805 1078 3902 submisitnsoregi
1098 3808 1176 3878 An-

227 3919 308 4016 glis
329 3920 376 3992 ad
396 3918 594 3992 tenendum
614 3919 661 3991 de
684 3919 747 3992 illo
768 3921 982 3995 comitatum
998 3921 1175 3994 Flandriae

227 4044 313 4108 eum
336 4035 437 4107 fideli
466 4036 641 4110 servitute
668 4061 735 4109 suo
765 4039 871 4134 legali
900 4038 1048 4110 domino
1074 4037 1176 4108 exhi-

226 4149 356 4236 benda,
382 4174 568 4250 nunquam
590 4162 713 4226 tarnen
736 4163 820 4249 post
847 4154 951 4225 illurn
974 4151 1068 4222 diem
1090 4150 1177 4243 fide-

226 4267 363 4343 litatem
377 4269 537 4362 juratam
555 4271 711 4342 servavit
728 4268 962 4364 integraliter,
987 4289 1061 4338 non
1084 4269 1178 4340 mul·
