3118 5008
262 639 338 686 nn.
351 616 474 708 1346]
516 563 561 687 in
581 640 708 689 aaron
728 640 774 688 on
794 639 1034 689 swrunnorn.
1143 619 1213 692 165

261 767 446 854 vexillum,
464 768 502 840 in
523 793 596 864 quo
618 769 726 840 draco
748 769 858 841 armis
883 769 958 842 suis
983 779 1130 865 togatus
1153 771 1214 843 de-

260 885 487 980 pingebatur,
506 895 542 958 et
559 886 604 958 ab
622 885 706 958 inde
723 885 792 958 fuit
813 894 1067 982 nuncupatum
1086 893 1109 923 “
1122 884 1215 959 Dra-

260 1003 341 1086 00,''
369 1001 576 1097 significans
604 1001 782 1074 feritatem
811 1003 868 1074 leo
899 1003 1078 1098 perditam
1105 1013 1214 1100 atque

260 1114 430 1187 mititiam
446 1117 617 1204 liliorum,
632 1117 670 1188 in
688 1117 944 1189 draconcinam
962 1120 1215 1193 crudelitatem

258 1229 370 1302 fuisse
393 1254 616 1303 conversam.
669 1231 778 1303 Acies
802 1232 922 1304 taliter
945 1234 1118 1308 ordinatae
1141 1245 1214 1309 ste-

259 1356 383 1419 terunt
406 1348 444 1418 in
467 1339 596 1443 campo
619 1348 664 1420 ab
688 1349 777 1420 hora
800 1348 918 1443 prima
938 1349 1008 1421 diei
1027 1374 1144 1448 usque
1168 1353 1215 1425 ad

258 1487 459 1558 vesperam,
480 1463 706 1536 Gallicorum
729 1463 965 1535 multitudine
982 1488 1135 1538 onerosa
1150 1491 1216 1563 per

258 1580 490 1654 advenientes
508 1581 690 1653 continuis
708 1580 942 1652 incrementis
960 1581 1213 1679 multiplicata,

258 1699 404 1770 tandem
427 1697 523 1770 circa
545 1697 630 1770 solis
653 1719 836 1783 occasum,
850 1689 1084 1770 'exercituum
1106 1699 1214 1774 nimis

210 1834 212 1836 ·
258 1814 485 1887 horridorum
519 1823 603 1910 post
636 1815 820 1909 guerraria
853 1805 1061 1902 hastiludia,
1097 1816 1216 1914 prima

259 1932 464 2017 certamina,
483 1931 581 2003 tubis
602 1931 865 2026 clangentibus,
885 1933 1068 2028 tympanis
1092 1942 1129 2006 et
1152 1957 1215 2006 na·

259 2047 409 2142 quirinis
437 2072 520 2120 curn
547 2047 648 2119 lituis
674 2047 930 2143 strepentibus,
960 2046 1110 2122 Gallicis
1137 2049 1215 2122 An-

259 2163 371 2259 glicos
397 2165 500 2259 quasi
526 2171 669 2236 tonaret
694 2164 993 2251 exclamantibus,
1020 2165 1241 2239 inchoave-¹

259 2289 345 2352 runt
378 2278 551 2352 balistarii
585 2279 820 2364 Francorum,
857 2305 1011 2373 quorum
1045 2283 1215 2377 quarellae

262 2399 404 2470 nullum
425 2395 663 2490 Anglicorum
686 2395 897 2489 attigerunt,
923 2394 987 2466 sed
1009 2395 1217 2470 ceciderunt

260 2516 404 2608 alonge
422 2535 544 2584 coram
562 2511 623 2582 eis.
676 2510 737 2581 Ad
755 2510 948 2606 strepitum
966 2511 1216 2606 praegrandem

257 2630 527 2703 balistariorum
553 2627 701 2700 excitati
727 2627 916 2722 sagittarii,
935 2628 1106 2701 adversos
1129 2653 1215 2702 curn

259 2747 399 2842 sagittis
423 2744 610 2818 confossos
633 2768 798 2830 necuere,
821 2752 858 2816 et
881 2743 919 2816 in
941 2744 1050 2816 breve
1075 2747 1214 2841 quarel-

259 2864 376 2934 larum
399 2859 571 2956 grandine
594 2859 806 2954 sagittarum
828 2859 1050 2932 tinnuerunt.
1103 2861 1215 2934 Intel-
1349 2890 1351 2896 ·

257 2980 352 3051 lecto
373 2977 473 3072 quod
496 2976 670 3049 balistarii
694 2975 785 3047 nihil
806 2975 972 3071 Anglicis
996 2989 1212 3066 nocuerunt,

261 3093 393 3166 Gallici
416 3092 544 3166 armati
563 3092 758 3188 juvenibus
782 3093 972 3165 dextrariis
999 3100 1035 3165 et
1061 3093 1214 3189 agilibus

259 3211 427 3284 cursariis
462 3209 672 3296 insidentes,
701 3209 904 3282 balistarios
939 3209 985 3281 ad
1019 3232 1214 3285 numerum

259 3337 398 3423 septem
423 3327 709 3399 millenariorum
736 3326 830 3399 inter
856 3326 954 3422 ipsos
981 3335 1016 3398 et
1039 3326 1212 3422 Anglicos

258 3445 424 3529 situat0s‚
461 3445 528 3549 snb
563 3444 714 3539 pedibus
758 3468 935 3539 equorum
981 3444 1214 3516 calcaverunt

257 3567 471 3656 prostratos,
498 3559 700 3654 impetuose
730 3559 941 3632 festinantes
971 3561 1010 3632 in
1036 3561 1212 3658 Anglicos

258 3699 342 3748 suas
369 3667 554 3748 ostentare
577 3675 744 3747 virtutes.
795 3674 923 3771 Itaque
951 3676 1046 3749 inter
1072 3677 1211 3774 pedites

257 3793 392 3890 grossis
415 3790 516 3887 equis
543 3791 712 3875 calcatos,
731 3813 842 3863 sonus
868 3790 1049 3866 inhorruit
1074 3793 1211 3866 lamen-

257 3910 389 3996 tabilis,
404 3910 502 4004 quod
519 3909 735 4006 posteriores
753 3908 791 3980 in
809 3911 970 3982 exercitu
987 3910 1212 3983 Francorum

258 4035 479 4122 putaverunt
528 4026 639 4098 fuisse
678 4024 917 4120 ‘Anglicorum
963 4027 1209 4098 morientium.

257 4143 452 4216 Nitebatur
478 4143 629 4238 proinde
654 4143 805 4237 quilibet
827 4141 989 4214 Gallicus
1016 4164 1101 4212 suos
1126 4165 1211 4237 pro·

258 4259 359 4354 sequi
387 4258 641 4354 praecedentes
670 4258 733 4329 sed
763 4259 809 4329 ad
838 4257 938 4330 illam
969 4257 1211 4334 inconsultam
