3136 5016
309 673 481 762 nu.rr.3.]
527 695 572 742 nn
592 694 719 742 sarna
738 693 786 741 nn
805 692 1047 742 swmanorrn.
1212 674 1254 744 51

307 829 388 892 ratu
411 843 536 894 omnes
559 817 817 894 transcendens
837 819 1003 892 omnium
1025 819 1201 893 invidiam
1223 831 1261 894 et

306 937 383 1031 ejus
404 935 603 1009 nefandum
624 943 773 1032 partum
795 935 920 1009 odium
940 935 1159 1023 incurrebat,
1179 960 1259 1033 quae

306 1054 382 1125 sola
399 1053 616 1126 excellenter
633 1052 769 1125 nobilia
784 1051 939 1124 lacessit.

355 1168 464 1240 Anno
481 1167 620 1240 Christi
642 1169 736 1242 1309
754 1175 790 1238 et
811 1167 926 1263 ipsius
943 1167 1037 1262 regis
1054 1168 1175 1255 terti0‚
1194 1192 1258 1242 rex

305 1291 349 1355 ut
375 1283 541 1356 deliniret
566 1283 705 1356 animos
735 1283 987 1368 invidentium,
1017 1291 1124 1378 atque
1156 1285 1258 1357 seda-

306 1407 361 1470 ret
407 1421 573 1470 murmur
619 1396 899 1484 detrahentium,
943 1396 1095 1469 Petrum
1137 1398 1258 1494 ipsum

306 1513 508 1587 transmisit
549 1514 588 1586 in
625 1512 842 1585 Hiberniam
876 1537 962 1585 cum
995 1513 1114 1586 valida
1147 1538 1258 1588 manu

305 1640 432 1703 contra
461 1628 678 1702 Hibernioos
707 1629 868 1716 rebelles,
900 1629 1088 1724 assignans
1121 1630 1258 1726 stipen-

305 1745 406 1820 dium
436 1745 480 1816 de
508 1745 602 1840 regis
635 1744 761 1818 aerario
790 1745 838 1816 ad
866 1745 1090 1816 scaccarium
1124 1745 1259 1818 ibidem

304 1857 562 1953 recipiendum,
582 1865 619 1932 at
643 1858 809 1954 quaedam
834 1880 1018 1952 prospere,
1041 1857 1106 1930 sed
1131 1867 1259 1932 contra

303 1973 446 2046 ruinam
475 1973 532 2046 sui
562 1974 740 2056 exaltatus
769 1971 963 2067 congessit,
995 1971 1060 2044 sed
1089 1997 1165 2046 non
1194 1974 1257 2046 diu

303 2087 449 2162 fortuna
477 2089 602 2164 vultus
634 2087 865 2163 continuavit
899 2087 1130 2175 hilaritatem,
1166 2112 1257 2160 non-

303 2203 392 2279 dum
417 2203 517 2278 enim
543 2204 650 2299 plene
677 2204 844 2278 revoluto
872 2202 1000 2276 eodem
1028 2227 1123 2276 anno
1151 2203 1258 2276 rediit

304 2321 348 2394 de
374 2319 550 2394 Hibernia
575 2320 622 2394 ad
646 2320 740 2415 regis
767 2320 1048 2392 contubernium
1073 2328 1259 2414 gratanter

304 2445 499 2532 acceptus3
537 2447 665 2510 contra
691 2460 800 2532 quem
826 2443 902 2508 no‘n
925 2437 1003 2531 jam
1028 2445 1168 2508 secreta
1194 2438 1258 2510 sed

305 2551 389 2626 odia
416 2551 608 2626 manifesta
634 2551 753 2624 verbis
783 2559 820 2622 et
846 2551 959 2646 signis
987 2550 1170 2623 atrocibus
1196 2576 1258 2624 ex-

304 2689 430 2762 pressa
451 2667 688 2761 pullularunt,
707 2665 961 2738 arbitrantium
984 2689 1022 2737 se
1045 2665 1259 2761 obsequium

304 2790 475 2878 praestare
506 2779 589 2855 Deo
618 2789 655 2854 et
684 2779 891 2876 reipublicae
919 2781 1104 2877 prodesse,
1131 2781 1163 2854 si
1192 2782 1259 2854 Pe-

304 2908 405 2974 trum
424 2897 685 3002 alienigenam,
721 2896 875 2992 gloriam
906 2895 1161 2991 indigenarum
1194 2920 1260 2970 sua

305 3015 544 3112 prosperitate
567 3014 817 3110 eclipsantem‚
840 3012 918 3086 vita
944 3014 1005 3084 vel
1027 3013 1132 3108 regni
1158 3013 1258 3086 inoo·

304 3133 382 3206 latu
406 3131 600 3228 privarent.
654 3129 763 3202 Unde
791 3153 856 3203 rex
882 3137 925 3201 ut
952 3129 1073 3225 ipsum
1098 3153 1121 3202 a
1145 3138 1258 3203 satra-

303 3271 395 3343 pum
422 3254 603 3343 potestate
632 3253 878 3341 praeservaret,
910 3246 1033 3341 posuit
1066 3246 1189 3341 ipsum
1218 3248 1258 3319 in

305 3372 423 3438 castro
448 3363 493 3437 de
519 3362 739 3455 Bamborgh,
763 3383 925 3435 asserens
951 3361 1022 3434 hoc
1047 3361 1196 3450 factum,
1215 3371 1258 3435 ut

305 3479 457 3574 satrapis
480 3480 652 3574 placeret,
677 3477 741 3552 sed
763 3501 831 3550 nec
853 3477 987 3551 evasit:
1017 3478 1106 3573 quin
1128 3487 1257 3550 contu-

306 3596 431 3668 melias
448 3605 484 3668 et
501 3617 638 3669 errores
660 3594 738 3690 ipse
760 3617 824 3666 rex
848 3593 1034 3690 piissimus
1058 3617 1186 3690 passus
1202 3604 1260 3668 est

305 3715 350 3788 ab
368 3713 430 3785 eis.

338 3830 465 3904 ‘Anno
492 3828 630 3902 Christi
661 3831 750 3902 1311
778 3827 875 3900 circa
899 3826 1035 3899 festum
1059 3826 1259 3899 nativitatis

305 3944 330 4016 J
332 3945 459 4018 oannis
476 3944 663 4040 Baptistae,
686 3968 753 4040 pro
775 3943 983 4016 defensione
1000 3942 1110 4028 Petri,
1129 3941 1259 4012 Petrus

305 4069 495 4136 revocatus
520 4085 543 4132 a
568 4069 687 4134 castro
713 4061 758 4132 de
784 4059 993 4154 Bamborgh
1018 4056 1260 4152 committitur

306 4177 480 4250 custodiae
509 4175 684 4248 Adomari
718 4176 761 4247 de
788 4175 950 4248 Valence
980 4171 1124 4244 comitis
1153 4169 1258 4242 Pem-

306 4292 475 4379 brochioe,
493 4290 649 4387 adjurati
672 4315 794 4365 coram
820 4313 914 4384 rege,
939 4289 1103 4381 inspecto
1132 4295 1257 4358 saneto

752 4429 775 4474 n
794 4407 817 4474 2
