3110 5026
349 675 424 745 254
610 692 832 743 onnonrcorv
853 692 1037 741 ennrnrm
1096 669 1307 762 [nnl356.

297 885 301 892 .
348 847 463 918 quum
495 821 695 917 praesertim
724 821 844 916 pauci,
874 819 1002 914 ignota
1032 819 1151 915 patria
1180 828 1217 893 et
1246 821 1305 895 iti-

346 937 493 1010 neribus
518 936 707 1010 laboriosis
730 936 983 1008 miserabiliter
1005 934 1158 1031 fatigati,
1179 945 1307 1010 contra

346 1054 641 1127 numerositatem
660 1051 850 1136 Quiritum
868 1051 1095 1125 Gallicorum
1116 1053 1305 1148 proprium

345 1172 463 1243 solum
482 1169 721 1256 defensuram,
742 1178 778 1243 et
796 1169 896 1242 omni
918 1168 1070 1242 victuali
1090 1169 1303 1256 necessario,

345 1281 538 1383 quieteque
556 1287 697 1360 diutina
716 1286 786 1358 sub
808 1285 900 1356 duce
922 1284 1076 1379 provido
1094 1293 1303 1371 recreatam,

345 1403 476 1498 quibus
494 1403 641 1476 deberet
657 1401 808 1476 audacia
831 1424 991 1474 crescere
1015 1409 1143 1473 contra
1163 1401 1304 1496 praedo-

344 1541 409 1590 nes
432 1542 477 1590 ex
501 1517 693 1614 praesentia
716 1516 972 1612 regali,.gratia
995 1516 1100 1611 cujus
1123 1525 1303 1611 quatenus

345 1636 508 1708 coronati
530 1644 567 1708 et
590 1638 670 1707 oleo
692 1643 819 1708 sancto
836 1633 1017 1730 peruncti,
1036 1643 1127 1707 tunc
1142 1633 1303 1730 primum

343 1752 436 1825 soret
466 1752 693 1848 experienda,
722 1776 808 1825 cum
836 1750 1087 1824 benedictione
1115 1751 1315 1825 venerabi-¹

343 1869 434 1943 lium
460 1872 716 1967 episcoporum
743 1868 962 1943 Senonensis
987 1879 1024 1943 et
1049 1868 1300 1958 Chalonensis,

344 1987 411 2058 sub
433 1986 513 2080 ipso
535 2010 619 2082 rege
642 1985 891 2071 militantium,
910 1987 949 2058 in
967 1985 1177 2082 oppositum
1195 1987 1301 2082 cujus
1325 2047 1330 2057 .

343 2101 558 2198 adnitentes,
585 2097 778 2175 tenderent
805 2103 852 2176 ad
878 2102 1064 2176 laesionem
1091 2102 1198 2198 regiae
1224 2127 1301 2177 ma·

339 2217 491 2312 jestatis.
557 2217 741 2314 Percepto
779 2219 928 2292 tandem
965 2219 1064 2315 quod
1104 2228 1300 2296 coronatus

343 2333 618 2429 allegationibus
643 2333 854 2429 hujusmodi
880 2333 1140 2420 consentiebat,
1165 2357 1300 2411 mares

343 2451 456 2524 callus
480 2451 525 2524 de
549 2449 784 2524 Claromonte
809 2449 994 2547 protendit
1021 2450 1199 2524 sacerdoti
1223 2451 1299 2523 cui-

343 2566 428 2638 dam
461 2567 583 2641 literas
620 2567 849 2664 apostolicas,
887 2566 1103 2641 auctoritate
1145 2591 1299 2662 quarum

341 2683 528 2758 confessus
551 2695 591 2758 et.
612 2685 799 2761 absolutus
822 2685 861 2756 in
884 2683 1091 2757 ostensione
1115 2706 1189 2758 suae
1209 2683 1300 2756 tide-

340 2799 465 2888 litatis,
493 2825 605 2898 quam
637 2803 760 2875 minus
794 2801 857 2874 illo
891 2799 1035 2896 providi
1069 2799 1298 2896 blasphema-

340 2926 437 3007 runt,
464 2942 532 3014 pro
558 2919 725 3015 eoquod
750 2918 865 2992 suasit
894 2927 1046 3013 treugas·
1070 2916 1166 3004 iniri,
1192 2917 1299 3013 petiit

339 3034 425 3106 belli
470 3036 631 3131 primum
678 3036 868 3122 insultum,
911 3058 1021 3130 quem
1064 3035 1296 3110 marescallus

339 3149 562 3226 Dawdenam
599 3152 789 3226 calumniis
826 3150 989 3246 legitima
1007 3151 1297 3248 praescriptione

338 3266 487 3354 fulcitis,
505 3269 572 3340 sed
592 3270 769 3341 veraciter
792 3268 969 3340 invidiose
992 3267 1177 3342 nitebatur
1201 3291 1295 3364 prae-

338 3405 527 3479 occupare.
579 3380 676 3478 Ergo
706 3382 926 3456 marescallis
956 3383 1226 3472 altercantibus,
1258 3394 1295 3463 et
1391 3459 1398 3465 .

338 3500 477 3595 reliquo
506 3499 686 3595 reliquum
720 3500 920 3596 posteriore
951 3502 1164 3588 nitentibus,
1194 3501 1295 3604 prin-

338 3639 436 3710 ceps,
454 3615 586 3689 audito
612 3641 677 3713 per
702 3617 851 3694 nuntios
877 3619 1069 3692 cardinalis
1095 3619 1193 3716 quod
1219 3619 1295 3692 dux

338 3730 603 3829 Francigenum
637 3735 773 3808 nullam
803 3736 949 3832 penitus
979 3759 1108 3832 pacem
1135 3735 1293 3823 volebat,

338 3846 411 3919 nisi
438 3847 559 3922 furore
586 3849 717 3924 Martis
745 3852 926 3947 adeptam,
955 3852 1203 3925 exorationem
1225 3852 1295 3928 ¹tali

338 3966 564 4040 consimilem
580 3967 756 4060 militibus
773 3969 898 4042 accitis
915 3969 1108 4064 peroravit.
1147 3973 1169 4002 “
1182 3964 1294 4040 Com-

216 4146 219 4154 .
336 4083 477 4178 perior,¹
493 4085 583 4158 socii
605 4084 880 4170 commilitones,
905 4084 1003 4179 quod
1029 4091 1114 4179 post
1141 4107 1293 4180 appara-

336 4206 418 4272 tum
444 4201 581 4274 militiae
608 4209 776 4299 prompte
806 4223 872 4274 sua
902 4201 1008 4288 tueri,
1036 4210 1073 4275 et
1099 4201 1214 4296 justa.
1228 4224 1292 4278 ne-

337 4317 438 4409 ganti
471 4342 646 4392 mucrone
682 4317 819 4391 nudato
858 4318 1065 4416 praecipere,
1101 4317 1291 4415 suspensio
