3118 5008
238 626 313 674 nn.
331 601 454 694 1347.]
492 626 537 674 ne
557 626 683 674 seren
702 625 749 673 nn
769 625 1008 676 swnsssorrs.
1116 600 1185 675 179

235 748 315 844 glise
348 774 444 823 anno
476 751 578 846 regni
612 753 672 838 21,
708 774 791 846 rege
825 751 935 824 modo
974 750 1195 846 praescripto

235 865 413 940 obsidioni
430 865 562 940 Calesii
585 867 828 954 incumbente,
848 868 1035 964 praedones
1053 867 1092 938 in
1109 867 1185 938 An-

234 981 306 1076 glia
319 1045 322 1050 ,
337 982 480 1054 nullum
512 982 717 1055 timendum
751 981 983 1067 aestimantes‚
1017 980 1187 1055 licentius

234 1097 341 1173 solito
367 1121 452 1170 suas
477 1098 656 1193 nequitias
682 1106 935 1183 exercuerunt,
960 1099 1056 1170 unde
1079 1099 1186 1193 justi-

233 1213 335 1285 ciarii
357 1222 432 1286 tam
455 1214 655 1309 praedones
675 1237 785 1308 quam
808 1213 898 1286 alios
920 1213 1021 1309 pacis
1045 1221 1187 1309 pertur-

232 1329 389 1415 batores,
432 1341 609 1425 tanquam
650 1329 853 1424 proditores
887 1329 982 1424 regis
1016 1338 1054 1402 et
1086 1331 1188 1424 regni

232 1444 443 1540 punierunt,
474 1468 549 1517 non
577 1445 661 1541 plus
691 1443 823 1516 clerico
852 1467 961 1540 quam
987 1444 1080 1516 laico
1105 1465 1187 1540 par-

232 1563 367 1648 oentes,
385 1560 558 1658 imposito
576 1561 724 1634 cuilibet
741 1560 805 1632 tali
821 1559 1039 1646 facinoroso,
1066 1561 1189 1656 ipsum

232 1674 272 1748 in
289 1685 399 1772 caput
416 1677 555 1772 regium
578 1686 615 1751 et
637 1677 739 1773 regni
760 1674 1006 1773 proditionem
1027 1676 1066 1747 in
1087 1675 1188 1748 favo·

234 1815 312 1864 rem
324 1791 549 1867 Francorum
561 1793 672 1868 fuisse
689 1817 911 1890 perversum.
940 1792 1079 1866 Eodem
1096 1801 1198 1865 tem--

234 1933 322 2004 pore
351 1919 436 2006 post
463 1908 597 1984 Ualesii
631 1911 838 2008 captionem
870 1909 1010 2006 incepit
1042 1909 1114 1981 illis
1149 1908 1188 1980 in

235 2026 397 2122 partibus
432 2026 495 2100 illa
528 2027 704 2124 generalis
738 2027 944 2124 pestilentia
973 2026 1188 2124 apartibus

235 2141 384 2215 orientis
414 2144 617 2216 successive
647 2143 803 2230 defluxa,
832 2143 930 2216 unde
960 2143 998 2215 in
1028 2142 1189 2238 qualibet

234 2267 336 2352 parte
361 2259 488 2331 mundi
508 2283 642 2354 magna
660 2258 861 2331 multitudo
881 2258 1075 2330 hominum
1095 2259 1186 2331 utri-

233 2396 350 2468 usque
373 2397 482 2446 sexus
501 2375 597 2446 viam
620 2373 798 2446 universae
821 2373 940 2444 carnis
962 2373 1196 2466 ingredieba·

234 2497 309 2574 tur,
331 2488 426 2561 sicut
450 2489 544 2562 infra
568 2489 712 2586 plenius
738 2489 888 2561 dicetur.
941 2487 1060 2561 Tanta
1076 2488 1187 2583 pesti·
1310 2559 1315 2566 .

235 2603 349 2676 lentia
364 2605 595 2677 occasionem
611 2605 852 2692 ministrante,
869 2604 971 2676 missi
988 2605 1187 2677 cardinales

234 2743 279 2794 ex
304 2729 407 2815 parte
428 2720 653 2793 Gallicorum
678 2721 863 2817 petierunt
888 2729 1034 2816 treugas
1058 2744 1079 2790 a
1102 2743 1186 2816 cap-

234 2837 334 2909 tione
354 2835 486 2910 Calesii
508 2860 624 2932 usque
646 2838 693 2910 ad
715 2835 850 2909 festum
872 2833 989 2910 sancti
1012 2835 1187 2909 Barnabae

232 2954 399 3051 proxime
430 2953 597 3026 futurum
632 2955 834 3028 duraturas.
899 2952 1061 3026 Praefatae
1095 2953 1186 3048 peti-

235 3069 333 3142 tioni¹
369 3092 453 3165 rege
490 3092 709 3142 consensum
742 3071 937 3167 praebente,
974 3070 1188 3142 ordinantur

236 3194 372 3282 treugae
397 3209 469 3282 per·
487 3187 679 3282 praedictos
705 3187 916 3273 cardinales
941 3193 1049 3280 atque
1075 3185 1187 3258 comi-

236 3310 313 3374 tem
334 3303 379 3375 de
402 3301 463 3375 Eu
485 3312 522 3376 et
544 3303 733 3376 dominum
755 3304 800 3376 de
819 3299 1051 3375 Tankerville
1071 3302 1187 3398 priso-

236 3417 368 3504 narios,
396 3420 464 3491 sub
488 3419 606 3492 forma
631 3420 670 3492 in
697 3419 839 3492 Gallico
854 3419 1012 3515 quidem
1039 3418 1186 3504 dictata,

237 3532 301 3606 sed
318 3534 356 3605 in
373 3533 545 3607 Latinum
562 3536 634 3608 mei
649 3536 852 3610 ministerio
869 3536 922 3608 sio
937 3536 1122 3607 translata.

285 3646 577 3737 Memorandum
596 3652 695 3746 quod
711 3660 848 3747 treugae
866 3645 960 3723 inter
978 3651 1069 3723 duos
1088 3673 1188 3746 reges

237 3765 324 3842 sunt
350 3764 448 3838 inite
475 3788 545 3863 pro
568 3766 695 3863 seipsis
721 3776 758 3839 et
787 3790 914 3840 eorum
939 3766 1124 3862 subjectis,
1152 3775 1188 3839 et

236 3905 363 3954 eorum
389 3882 673 3978 coadjutoribus,
700 3892 736 3956 et
766 3884 817 3956 eis
847 3882 1124 3967 adhaerentibus
1151 3892 1188 3954 et

237 4019 304 4092 pro
326 4005 405 4070 tota
426 3998 545 4094 patria
566 3999 611 4070 ab
635 3998 686 4071 eis
709 3998 858 4086 inculta,
877 4000 929 4071 ita
946 4000 1045 4093 quod
1061 4021 1187 4069 omnes

238 4112 416 4206 capitanei
441 4115 621 4209 praedictas
644 4138 782 4210 guerrae
805 4115 879 4187 sint
901 4112 1049 4207 obligati
1072 4120 1109 4184 et
1127 4113 1187 4206 ju-

237 4227 307 4299 rati
329 4228 368 4298 in
390 4230 537 4325 speciali
561 4231 604 4302 ad
630 4238 773 4325 treugas
797 4229 980 4302 tenendas.
1034 4228 1187 4321 Treugae

676 4349 747 4414 na
