3110 5026
352 619 427 695 248
534 677 562 683 --
609 643 1040 695 onnonrcononurnrnr
1090 623 1182 713 [nn.
1198 623 1309 695 1356.

352 776 430 872 ipse
453 775 595 848 curavit
615 775 818 871 prospectis
839 774 1030 848 itineribus
1047 775 1209 870 quotidie
1229 800 1312 848 mo-

350 916 434 966 vere
457 901 587 980 castra,
615 916 683 964 nec
705 879 810 964 aliter
832 916 942 988 quarn
966 891 999 964 si
1023 891 1146 970 hostes
1172 893 1309 966 adfuis-

350 1019 441 1098 sent,
470 1011 515 1082 de
541 1017 648 1083 nocte
674 1010 828 1094 munire,
854 1009 995 1104 vigilias
1021 1008 1193 1081 sollicitas
1219 1033 1310 1081 con.·

350 1117 511 1214 stituere
540 1134 577 1198 et
605 1114 816 1222 eas‘ipsum
843 1125 1103 1198 valentioribus
1132 1126 1310 1198 comitan-

349 1243 447 1316 tibus
470 1243 637 1328 circuire,
662 1243 895 1338 procedentia
920 1267 1005 1315 vero
1030 1243 1247 1338 quandoque
1270 1243 1310 1314 in

349 1359 488 1456 primia,
513 1359 600 1436 alias
626 1359 665 1432 in
689 1359 883 1455 postremis
907 1367 944 1432 et
966 1382 1230 1454 nonnunquam
1255 1359 1309 1431 in·

349 1476 542 1549 termedios
571 1465 730 1563 visitare,
759 1500 805 1548 ne
835 1476 1031 1572 quicquam
1060 1475 1308 1548 inordinatum

348 1593 510 1688 periculo
547 1601 695 1689 pateret.
766 1592 952 1687 Siquidem
986 1592 1150 1687 ingresso
1185 1591 1309 1666 Picta-

348 1709 458 1798 viam,
482 1711 699 1783 nuntiarunt
723 1709 970 1806 exploratores
992 1710 1091 1804 quod
1114 1719 1308 1782 coronatus

349 1825 521 1898 adunavit
555 1827 756 1898 exercitum
791 1824 981 1922 copiosum
1018 1849 1177 1921 praesens
1211 1824 1308 1921 apud

350 1940 598 2028 Aurelianum,
629 1966 739 2036 quem
773 1963 847 2014 non
883 1943 1010 2015 lateret
1041 1942 1215 2038 principis
1244 1943 1308 2014 ad-

350 2065 493 2141 ventus,
511 2066 553 2129 ut
570 2057 689 2153 patuit
707 2058 752 2129 de
768 2057 876 2130 facto.
930 2057 1064 2131 Emisit
1083 2082 1212 2154 nempe
1236 2057 1309 2130 dis-

352 2174 537 2269 cooperire
563 2175 764 2247 exercitum
790 2183 958 2247 nostrum
979 2176 1162 2249 valentem
1184 2199 1308 2270 quem-

351 2291 437 2363 dam
454 2291 516 2387 qui
536 2293 737 2366 vocabatur
754 2291 905 2366 Griseus
922 2292 1046 2366 Micco
1064 2294 1108 2367 de
1126 2291 1306 2380 Chambli,

350 2407 563 2503 praefectum
597 2409 777 2482 comitivae
812 2410 1052 2482 ducentorum
1087 2418 1308 2505 togatorum,

352 2516 483 2620 quibus
514 2549 644 2598 manus
674 2535 904 2599 conserentes
932 2526 1047 2599 nostri
1078 2527 1308 2623 discoopera-

352 2650 461 2730 tores,
487 2652 661 2740 oeperunt
687 2667 732 2715 ex
758 2645 809 2716 eis
835 2646 885 2715 30
911 2644 1042 2715 milites
1069 2653 1106 2716 et
1131 2667 1310 2716 vernacu-

353 2757 420 2845 los,
449 2758 528 2831 aliis
558 2757 610 2832 ita
639 2760 744 2856 plene
774 2752 913 2845 deletis,
943 2759 1042 2854 quod
1070 2783 1135 2856 per
1164 2759 1307 2832 nullum

353 2899 479 2947 eorum
504 2884 647 2970 poterat
673 2875 748 2948 suis
773 2875 973 2948 renuntiari
996 2875 1084 2969 quid
1109 2875 1237 2948 fuisset
1263 2875 1310 2949 de

353 2991 459 3065 sociis
488 2991 652 3081 factum„
691 2991 898 3064 Fortunatis
928 2991 1066 3064 nuntiis
1096 2993 1211 3065 nostri
1245 2993 1308 3065 de-

352 3107 476 3182 leotati
509 3117 762 3205 processerunt
795 3132 921 3182 versus
956 3107 1215 3205 Romerentyn‚
1243 3111 1307 3183 ubi

352 3235 514 3321 repertos
547 3227 713 3298 dominos
742 3217 788 3298 de
819 3227 938 3299 Crone
973 3235 1010 3298 et
1043 3224 1304 3322 Brisegaudum

352 3341 482 3413 missos
508 3341 555 3412 ad
580 3341 738 3412 officium
765 3341 1052 3437 discooperiendi
1078 3353 1154 3416 tam
1181 3344 1308 3441 praeei-

352 3457 512 3553 pitanter
541 3465 779 3553 occuparunt,
809 3459 907 3553 quod
941 3460 1067 3532 multis
1101 3460 1196 3534 serro
1224 3485 1308 3534 vas-

352 3583 452 3647 tante
489 3574 697 3670 peremptio,
734 3575 844 3648 duces
878 3576 1032 3671 agminis
1065 3578 1111 3648 ad
1146 3586 1306 3650 castrum

351 3689 474 3785 sugere
514 3693 771 3787 compulerunt
805 3701 842 3765 et
876 3693 1029 3789 captatis
1063 3692 1231 3789 hospitiis
1265 3693 1305 3766 in

351 3805 448 3893 villa,
467 3805 635 3902 princeps
654 3807 764 3901 jussit
781 3809 1015 3905 praeconizari
1032 3808 1232 3880 erastinum
1249 3808 1305 3879 in-

351 3924 489 3996 sultum
506 3925 711 3997 castellanis
730 3925 997 4021 applicandum.
1047 3922 1117 3993 Die
1139 3927 1307 4018 sequenti

350 4039 609 4134 aggrediuntur
651 4041 779 4113 armati
822 4037 949 4123 nostri,
993 4037 1097 4109 fovea
1138 4039 1303 4128 transita,

351 4175 475 4225 muros
503 4154 623 4239 castri,
652 4178 743 4248 quos
770 4152 875 4224 scalis
904 4154 1095 4226 ascendere
1126 4176 1191 4227 seu
1219 4179 1307 4251 por-

351 4277 407 4340 tas
424 4271 635 4342 comburere
657 4293 722 4365 per
745 4269 885 4374 diversa
908 4269 1040 4344 diversi
1063 4269 1304 4358 festinarunt,
