3118 5008
261 643 337 692 nn.
351 621 473 712 1345]
513 645 557 692 nn
577 645 705 694 nunna
725 643 771 694 on
792 591 1031 712 swrnanoim.
1140 628 1209 702 155

258 795 373 869 usque
411 773 457 845 ad
494 773 619 846 villam
654 774 697 846 dc
731 773 905 871 Morleys,
941 777 1004 848 ubi
1041 777 1210 850 dominus

259 888 412 963 Carolus
447 891 491 962 de
524 890 636 988 Bloys
666 915 752 963 cum
781 891 919 987 ingenti
948 894 1109 968 exercitu
1138 895 1210 968 illis

258 1006 428 1080 obviavit.
482 1005 600 1102 Igitur
621 1007 661 1079 in
683 1031 813 1103 campo
832 1008 939 1101 juxta
960 1007 1123 1107 Morleys
1146 1034 1209 1084 cx-

258 1116 391 1196 ercitus
426 1124 576 1195 hostiles
611 1123 865 1210 conflixerunt,
899 1125 963 1198 ubi
999 1127 1209 1200 animositas

256 1241 448 1336 utriusque
471 1239 600 1335 gentis,
629 1238 824 1312 Britonum
845 1241 1025 1328 videlicet,
1051 1241 1210 1316 Gallico-

258 1377 341 1428 rum
367 1365 475 1452 atque
493 1354 733 1451 Anglicorum
759 1355 876 1429 fuerat
901 1367 1060 1453 experta.
1113 1359 1208 1455 Pug-

258 1481 387 1546 natum
411 1481 467 1545 est
490 1470 631 1544 fortiter
656 1494 701 1542 ex
723 1479 877 1567 utraque
899 1482 1013 1569 parte,
1038 1474 1089 1547 ita
1112 1476 1210 1570 quod

258 1589 410 1685 contigit
440 1589 477 1660 in
507 1589 571 1661 illo
601 1589 795 1660 certamine
822 1590 920 1685 quod
948 1614 1014 1663 nec
1041 1590 1209 1664 inbellis

257 1731 325 1780 nec
352 1706 613 1794 Halidonehill,
641 1731 708 1780 nec
734 1707 779 1781 de
803 1706 937 1794 Cressi,
963 1731 1030 1780 nec
1056 1709 1100 1782 de
1126 1707 1215 1810 Pet-2

258 1833 329 1896 ters
347 1823 552 1897 audivimus
571 1823 776 1919 contigisse.
828 1822 950 1898 Duces
973 1847 1104 1920 nempe
1126 1849 1208 1920 par-

175 1935 181 1940 ’
258 1941 360 2028 tium,
380 1941 518 2013 scilicet
536 1940 689 2013 Carolus
707 1942 751 2014 de
770 1940 893 2037 Bloys,
912 1941 972 2014 cui
989 1941 1086 2013 illius
1104 1949 1208 2013 terrae

258 2057 403 2130 dederat
421 2059 595 2130 ducatum
611 2057 836 2132 Francorum
854 2067 1042 2154 tyrannus,
1061 2066 1097 2130 et
1114 2056 1208 2128 Wil-

256 2174 386 2246 lelmus
410 2174 454 2246 de
477 2173 612 2247 Bohun
637 2199 758 2246 comes
780 2173 1080 2269 Norhamptonae‚
1099 2197 1208 2267 quem

256 2313 323 2384 pro
341 2288 477 2360 tuendo
491 2289 573 2382 jure
590 2286 743 2359 Joannis
761 2288 806 2358 de
823 2287 1042 2373 Mountfort,
1062 2297 1208 2360 natura-

256 2404 301 2477 lis
319 2405 422 2476 ducis
445 2403 542 2476 illius
566 2413 680 2488 terrae,
699 2426 764 2475 rex
781 2403 955 2476 exercitui
975 2403 1208 2497 Anglicorum

257 2519 429 2615 praefecit,
457 2519 685 2591 animositate
711 2542 820 2614 quam
847 2517 1053 2590 habuerunt
1080 2518 1209 2592 heroes

231 2636 434 2738 generosi,
466 2635 588 2708 omnia
621 2635 792 2708 libentius
827 2615 1067 2730 perdidissent
1101 2659 1208 2729 quam

257 2752 357 2847 turpi
382 2752 550 2824 vecordia
576 2750 761 2845 arguendi,
788 2774 917 2845 campo
943 2749 1082 2835 relicto,
1110 2759 1210 2844 terga

257 2867 462 2939 vertissent.
500 2866 689 2962 Pugnatur
706 2866 856 2962 proinde
874 2890 919 2938 ex
935 2875 1090 2960 utraque
1107 2875 1209 2960 parte

258 2981 430 3068 animose,
458 3003 713 3076 necunquam
739 2979 777 3051 in
803 2988 881 3053 tota
902 2976 1042 3051 Gallica
1067 3002 1207 3074 guerra,

258 3122 338 3193 quae
361 3107 550 3194 capturam
577 3096 827 3193 pseudo-regis
851 3096 1073 3169 Francorum
1095 3094 1208 3168 Joan-

258 3215 314 3288 nis
337 3215 542 3300 antecessit,
560 3213 719 3287 Francos
742 3222 816 3286 tam
840 3213 970 3286 acriter
991 3215 1050 3285 vel
1072 3214 1123 3285 ita
1146 3213 1209 3284 diu

257 3332 472 3404 manualiter
499 3332 537 3402 in
565 3354 693 3425 campo
718 3353 898 3425 pugnasse
925 3329 1086 3426 potuerit
1113 3319 1224 3406 a'sse-¹
1283 3412 1285 3416 .

258 3471 337 3519 rere
349 3446 526 3544 Anglicus
544 3456 607 3520 aut
620 3447 780 3518 Francus
797 3446 939 3541 aliquis,
954 3446 1025 3519 nisi
1042 3445 1207 3517 mendax.

258 3563 330 3635 Ter
362 3565 488 3636 eodem
523 3564 579 3634 die
613 3563 737 3634 lassati
770 3587 815 3634 cx
848 3572 1001 3658 utraque
1035 3571 1137 3658 parte
1172 3584 1210 3632 se

259 3679 444 3752 modicum
467 3687 646 3751 retraxere
669 3678 872 3752 anhelitum
897 3677 1118 3774 respiraturi,
1145 3700 1209 3772 pa-

206 3795 210 3804 “
258 3797 314 3884 lis,
333 3797 467 3869 lanceis
485 3806 522 3867 et
539 3794 651 3891 spatis
668 3796 714 3867 ad
731 3795 989 3890 quiescendum
1012 3793 1209 3892 appodiati,

259 3915 322 3986 sed
342 3914 491 3987 tandem
512 3912 764 4008 magnanimus
787 3913 847 3984 ille
870 3911 1036 3998 CaroluS,
1056 3911 1131 3983 suis
1153 3908 1209 3979 fu-

259 4029 452 4126 gientibus,
481 4031 691 4124 compulsus
722 4038 798 4101 erat
827 4028 951 4123 fugam
981 4028 1083 4110 inire,
1112 4024 1210 4100 unde

259 4147 403 4242 Anglici
420 4147 528 4220 saluti
544 4146 693 4242 pacifice
711 4147 897 4218 vacabant.
1024 4220 1026 4226 ,

309 4262 456 4336 ΑΝΝΟ
493 4261 642 4336 Domini
674 4264 780 4346 1345,
812 4261 905 4355 regis
940 4261 996 4342 19,
1027 4255 1210 4329 Henricus
