3118 5008
357 605 363 613 ·
399 573 470 644 100
618 603 620 608 v
657 571 1080 640 onnonroorv'oenrnrnr
1139 571 1349 660 [uniant.

395 729 570 818 prognata
604 719 648 791 de
682 718 794 815 prolis
829 715 1066 791 foecunditate
1104 719 1355 824 desperatum„

394 861 496 933 spem
527 845 656 908 nactus
685 859 752 906 nec
780 834 926 920 frustra,
955 834 1054 930 quod
1084 835 1152 909 sibi
1180 845 1245 908 aut
1275 838 1350 909 suis

394 953 594 1026 haeredibus
629 950 729 1046 regni
764 973 898 1022 corona
934 951 1127 1036 laberetur,
1165 953 1351 1026 nitebatur

394 1079 574 1166 speratam
604 1068 785 1140 fortunam
815 1070 1013 1140 accelerare
1040 1093 1105 1164 per
1132 1070 1349 1142 abbreviati-

394 1211 499 1282 onem
521 1185 606 1258 vitae
629 1185 771 1279 nepotis
790 1183 846 1255 sui
864 1181 997 1269 Caroli,
1017 1193 1106 1258 tunc
1123 1186 1229 1279 regis,
1248 1186 1348 1259 festi-

393 1303 561 1389 nandam‚
576 1302 697 1397 ipsum
710 1323 854 1396 qnoque
872 1300 912 1370 in
930 1302 1270 1382 tantamvesaniam
1283 1303 1347 1374 sti-

393 1420 545 1492 mulavit
579 1419 700 1503 timor,
737 1441 783 1488 ne
817 1441 881 1488 rex
915 1415 1066 1511 Angliae,
1097 1442 1204 1513 quern
1241 1419 1348 1492 scivit

392 1536 502 1609 fuisse
519 1536 563 1608 de
578 1535 659 1631 jure
676 1557 743 1630 pro
761 1532 968 1605 conditione
986 1534 1112 1606 matris
1126 1557 1211 1620 suae,
1225 1532 1348 1607 Caroli

390 1652 562 1725 avunculi
586 1651 654 1736 sui,
678 1649 772 1743 regis
794 1647 1018 1721 Francorum
1044 1651 1255 1746 proximum
1272 1651 1346 1724 hae·

390 1769 525 1852 redem‚
544 1765 624 1860 ipso
642 1773 679 1836 et
696 1763 771 1836 suis
787 1763 991 1838 haeredibus
1011 1767 1111 1862 juste
1132 1768 1344 1863 repudiatis,

390 1885 472 1955 loco
507 1904 657 1954 suorum
691 1881 749 1952 avi
783 1889 819 1952 et
855 1881 966 1952 trium
1002 1885 1267 1956 avunculorum
1307 1886 1345 1957 in

390 1997 541 2071 Francia
567 2006 743 2092 regnaret,
768 1986 833 2092 oui
859 2006 949 2070 tunc
974 1998 1010 2069 in
1038 1998 1184 2094 Anglia,
1212 1999 1344 2072 Hiber-

391 2115 461 2202 nia,
482 2112 674 2199 Gasconia,
693 2122 730 2186 et
752 2113 832 2186 aliis
856 2114 1019 2210 partibus
1043 2114 1218 2211 hesperiis
1240 2140 1344 2213 pros-

390 2255 475 2326 pere
499 2230 672 2326 regnavit.
727 2229 910 2326 Cogitavit
935 2231 1084 2327 insuper
1106 2233 1251 2306 vetulus
1274 2233 1344 2305 iste

390 2347 624 2444 proditiosuS‚
653 2347 750 2442 quod
781 2347 811 2418 si
842 2371 906 2419 rex
936 2345 1090 2420 Carolus
1120 2372 1234 2444 nepos
1264 2349 1343 2445 ejus

391 2460 454 2532 diu
488 2461 637 2546 viveret,
673 2469 994 2556 quantumcunque
1034 2460 1111 2532 sirie
1152 2461 1343 2557 progenito

389 2579 542 2664 haerede‚
561 2601 674 2674 nepos
700 2579 777 2673 ejus
801 2601 864 2649 rex
882 2577 1033 2672 Angliae,
1053 2579 1156 2673 cujus
1173 2579 1341 2674 majesta-

390 2705 465 2768 tem
498 2695 669 2768 continue
703 2703 925 2767 crescentem
959 2694 1113 2779 odiebat,
1145 2694 1266 2789 ipsum
1297 2694 1342 2766 de

389 2809 536 2882 Valesio
558 2810 635 2904 jam
661 2817 919 2893 senescentem,
947 2830 1032 2880 suos
1059 2831 1202 2903 quoque
1227 2808 1341 2881 haere·

390 2927 464 3011 dee,
491 2937 555 2996 aut
581 2923 727 3018 propria
752 2921 1031 3016 magnificentia,
1055 2933 1120 2997 aut
1146 2924 1341 3021 adoptione

363 3040 486 3134 'justa
518 3046 731 3132 magnatum
764 3037 936 3124 Franciae,
971 3039 1031 3111 vel
1068 3063 1132 3135 spe
1165 3041 1340 3136 regnandi

388 3155 633 3240 frustraretur,
662 3154 721 3225 vel
747 3178 857 3249 regno
884 3156 982 3250 juste
1009 3156 1177 3250 privaret.
1231 3155 1340 3230 Hanc

388 3271 610 3366 opinionem,
635 3277 680 3340 ut
707 3269 799 3341 infra
824 3293 889 3367 per
913 3270 983 3342 Dei
1009 3272 1163 3367 gratiam
1188 3274 1338 3368 patebit,

387 3387 612 3482 excogitatus
630 3386 779 3459 effectus
797 3389 1095 3484 consequebatur.
1148 3386 1231 3461 Hoc
1249 3414 1338 3485 quo-

386 3519 456 3600 que
483 3526 578 3574 anno
603 3503 824 3577 moriebatur
850 3504 1030 3578 Robertus
1060 3506 1093 3576 le
1123 3503 1254 3600 Bruyn,
1281 3530 1337 3578 re·

300 3629 303 3636 '
385 3622 474 3692 licto
501 3619 576 3692 filio
604 3643 670 3692 suo
696 3619 828 3708 David,
858 3646 965 3717 quem
996 3628 1136 3716 septem
1165 3621 1225 3692 vel
1254 3631 1339 3695 octo

385 3761 499 3810 annos
520 3737 713 3811 habentem
733 3737 833 3810 Scoti
850 3744 1063 3832 receperunt
1080 3737 1117 3807 in
1135 3759 1256 3830 regem
1274 3739 1339 3811 tali

380 3855 475 3951 jure.
536 3853 743 3927 Alexander
778 3852 970 3924 Scotorum
1005 3874 1068 3921 rex
1102 3850 1230 3921 habuit
1264 3862 1338 3929 tres

382 3971 475 4043 filias
500 3970 579 4058 sine
603 3970 777 4052 masculo,
797 3989 952 4061 quarum
975 3965 1130 4060 primam
1153 3967 1339 4044 maritavit

383 4086 518 4162 Joanni
536 4087 580 4158 de
599 4084 726 4167 Baliol,
746 4083 894 4153 alteram
910 4078 1045 4152 Joanni
1066 4081 1110 4154 de
1128 4080 1283 4180 Comyn,
1301 4095 1339 4159 et

383 4204 528 4278 tertiam
552 4199 711 4274 Roberto
735 4197 779 4268 de
805 4195 950 4290 Bruyus
976 4198 1161 4293 praedicto,
1186 4201 1337 4280 natione
