3118 5008
397 618 466 690 146
642 631 868 684 crruourcorr
888 629 1072 680 ornemur
1130 607 1342 716 [collisit.

387 787 501 837 suum
530 760 730 834 exercitum
759 767 796 831 et
826 757 1025 830 dominium
1054 753 1276 828 Francorum
1305 764 1345 828 et

358 905 361 910 ·
391 901 496 952 suam
512 876 750 950 hereditatem
768 897 833 946 rex
849 873 1044 958 deducens,
1066 871 1200 943 iterum
1220 870 1345 942 ardere

391 995 508 1080 villas,
547 991 740 1090 profugere
773 988 943 1076 Francos,
977 989 1085 1062 blada
1118 987 1344 1072 comburere,

392 1115 456 1180 aut
484 1107 552 1179 sub
578 1104 730 1200 pedibus
758 1127 936 1198 equorum
961 1101 1111 1187 caleam,
1137 1100 1201 1171 diu
1227 1097 1345 1171 conti-

390 1217 530 1308 nuavit,
549 1229 585 1293 et
606 1219 753 1292 tandem
777 1217 961 1290 civitatem
981 1215 1249 1289 Tornacensem
1269 1213 1343 1284 for-

261 1361 264 1366 ·
391 1339 477 1411 titer
502 1336 667 1423 obsessit‚
694 1334 853 1408 remissis
876 1333 1070 1407 comitibus
1092 1329 1341 1413 Gloucestriae,

392 1453 614 1527 Arundelliae
646 1461 684 1524 et
710 1449 973 1524 Huntindoniae
998 1448 1038 1520 iu
1064 1446 1248 1543 Angliam,
1276 1469 1343 1541 pro

391 1569 506 1641 tutela
531 1567 643 1661 regni.
695 1564 776 1636 Rex
800 1564 915 1660 igitur
939 1587 1062 1638 secum
1086 1562 1223 1635 habens
1248 1585 1344 1634 mar-

392 1685 561 1757 chionem
590 1681 847 1766 Jufiacensem,
877 1681 1006 1753 ducem
1040 1676 1272 1772 Burgundioe,
1307 1684 1345 1747 et

392 1799 542 1873 comites
568 1795 786 1880 Harmoniae,
814 1805 924 1890 atque
950 1794 1090 1880 Celrioe,
1118 1793 1343 1866 obsidionem

392 1938 479 1988 cum
501 1911 626 2009 paucis
644 1910 808 2006 Anglicis
826 1911 944 1984 tenuit
959 1912 1065 1985 valde
1080 1933 1262 2005 magnam,
1280 1907 1341 1980 cui

391 2029 563 2102 victualia
594 2027 736 2100 venalia
769 2036 1017 2123 competenter
1050 2027 1192 2099 abunde
1225 2015 1343 2120 popu-

392 2147 484 2217 lares
524 2145 568 2216 de
602 2142 771 2216 Flandria
810 2143 1084 2216 ministrarunt:
1122 2140 1344 2214 confirmatis

393 2283 524 2356 nempe
545 2259 705 2334 amicitia
725 2269 762 2332 et
785 2259 902 2356 pactis
923 2259 1017 2332 inter
1042 2258 1141 2354 ipsos
1162 2265 1199 2329 et
1220 2280 1344 2352 regem

392 2399 510 2472 nuper
539 2377 650 2464 initis,
680 2376 750 2472 ipsi
780 2399 846 2472 per
874 2375 997 2447 omnia
1031 2374 1126 2448 sicut
1151 2396 1237 2446 vero
1267 2373 1344 2467 regi

394 2491 555 2564 Franciae
572 2493 711 2588 seipsos
727 2492 956 2564 exhibebant.
1004 2490 1141 2564 Taliter
1157 2488 1343 2562 obsidione

393 2607 616 2695 confirmata,
645 2607 792 2704 scripsit
825 2631 888 2680 rex
924 2607 1093 2704 Philippo
1126 2608 1171 2679 de
1196 2604 1344 2678 Valesio

391 2731 548 2818 tyranno
583 2723 818 2810 Francorum,
854 2722 952 2819 quod
987 2723 1109 2819 ipsum
1142 2723 1181 2794 in
1214 2745 1344 2817 campo

392 2848 599 2936 expectaret
620 2863 687 2935 pro
707 2839 803 2912 bello
826 2840 872 2912 ad
895 2840 990 2912 diem
1010 2849 1152 2913 certum
1170 2840 1265 2912 inter
1285 2837 1342 2933 ip·

370 2977 451 3051 ¹sos
474 2954 634 3027 feriendo
646 2985 656 3042 ;
683 2963 721 3026 et
745 2954 932 3050 respondit
954 2965 1142 3052 tyrannus,
1168 2955 1263 3027 diem
1284 2977 1342 3026 as-
1435 2977 1439 2982 ·

392 3069 539 3164 signans
552 3092 625 3165 quo
642 3067 866 3142 obsidionem
884 3092 923 3143 se
940 3069 1227 3142 comminabatur
1243 3091 1342 3142 amo-

392 3193 518 3256 turum
530 3216 540 3272 ;
567 3184 632 3256 sed
656 3207 841 3280 nunquam
865 3185 911 3257 ad
933 3186 1045 3258 talem
1064 3186 1241 3260 honorem
1260 3207 1341 3279 per·

392 3299 504 3386 venit,
532 3299 618 3372 licet
645 3301 691 3372 ab
717 3301 905 3375 obsidione
931 3326 1006 3375 nou
1032 3304 1130 3376 ultra
1154 3305 1179 3373 4
1206 3303 1340 3386 leucas,

392 3415 496 3510 quasi
520 3439 585 3511 per
609 3423 730 3488 totum
753 3424 899 3513 tempus
921 3418 960 3490 in
982 3419 1145 3492 exerdtu
1169 3441 1236 3489 suo
1261 3415 1342 3488 lati-

392 3537 497 3617 taret.
550 3527 683 3604 Comes
718 3529 897 3605 Hancniae
931 3533 975 3605 de
1008 3533 1154 3606 licentia
1187 3555 1272 3605 suos
1306 3538 1343 3602 et

392 3671 477 3721 cum
506 3648 578 3722 illis
605 3649 680 3726 300
706 3649 880 3753 ᾼυςὶἱοοε
907 3653 1114 3748 sagittarios
1142 3660 1179 3724 et
1207 3673 1345 3746 paucos

391 3773 549 3838 armatos
562 3766 694 3840 direxit
709 3789 836 3842 versus
846 3762 1026 3863 oppidum
1042 3763 1158 3838 sancti
1169 3763 1343 3852 Amandi‚

390 3881 599 3977 quindecim
615 3883 828 3958 milliaribus
845 3883 1041 3956 distantem
1065 3880 1109 3952 ab
1132 3877 1343 3967 obsidione3

390 3999 454 4072 ubi
475 4001 738 4096 quinquaginta
758 3999 891 4072 milites
912 4006 949 4070 et
969 3997 1059 4070 alios
1078 3996 1215 4069 multos
1238 4020 1343 4092 cepe-

341 4197 343 4201 v
367 4156 370 4162 -
391 4123 479 4188 runt
508 4125 545 4188 et
574 4116 797 4201 occiderunt,
822 4121 860 4186 et
886 4112 988 4208 quasi
1013 4112 1173 4186 infinitas
1199 4112 1344 4186 divitias

392 4231 620 4318 invenerunt,
647 4231 734 4303 villa
762 4239 798 4303 ct
825 4230 942 4326 patria
971 4231 1157 4328 adjacente
1187 4233 1343 4306 circum-
