3110 5026
375 654 449 726 222
632 673 859 722 cunonrcon
880 673 1064 722 ιιιιιιιιι
1114 653 1210 743 [mn
1225 655 1337 724 1353,

374 804 419 875 de
453 802 628 898 praedioto
663 800 816 873 articulo
851 799 981 872 ducem
1020 798 1240 874 Lanoastriae
1274 827 1334 876 ca-

373 919 580 1004 lumniaret,
599 927 636 991 et
659 916 793 1016 abinde·
811 916 887 989 dux
910 941 976 1012 per
1000 915 1336 1014 Selandiamrepa·

373 1035 507 1108 triavit.
579 1035 782 1107 Incidentia
824 1043 908 1129 post
942 1034 1185 1130 Epiphaniam
1228 1035 1333 1108 istius

372 1153 478 1224 anni:
511 1153 550 1224 in
577 1152 816 1248 parliamento
844 1151 941 1247 apud
965 1149 1332 1224 Westmonasterium

374 1270 569 1356 celebrato,
596 1269 666 1342 fuit
692 1268 900 1340 ordinatum
925 1267 970 1339 ad
996 1267 1210 1340 instantiam
1235 1265 1330 1339 Lou-

373 1385 613 1473 doniensium,
643 1386 741 1482 quod
771 1385 872 1458 nulla
901 1384 1072 1457 meretrix
1099 1392 1226 1456 notata
1252 1408 1331 1479 ges-

370 1512 464 1576 taret
498 1504 543 1576 de
577 1512 707 1576 caetero
743 1503 938 1598 capucium
971 1501 1042 1574 nisi
1077 1501 1328 1596 stragulatum,

370 1642 488 1714 neque
517 1629 683 1693 uteretur
712 1619 853 1714 pellura
882 1627 949 1690 aut
976 1616 1140 1690 vestibus
1170 1639 1330 1690 reversa-

370 1734 430 1820 tis,
461 1736 528 1808 sub
555 1759 666 1831 poena
687 1733 945 1807 forisfactiouis
972 1735 1182 1806 eonmdem.
1236 1733 1329 1806 Item

369 1850 467 1922 bladi
492 1851 637 1922 caristia
662 1875 728 1947 per
752 1851 835 1922 iilos
863 1850 908 1921 de
937 1849 1106 1922 Selandia
1134 1857 1171 1921 et
1196 1848 1329 1922 Hiber-

369 1966 471 2038 nicos
490 1963 689 2038 deferentes
707 1967 815 2039 blada
831 1967 973 2039 venalia
993 1967 1038 2038 ad
1061 1966 1221 2038 diversos
1243 1990 1328 2060 por-

369 2091 429 2155 tus
458 2081 572 2177 regni,
608 2082 722 2155 fuit
711 2107 751 2154 m
784 2107 962 2179 magnum
992 2083 1120 2180 populi
1155 2083 1327 2159 solatium

368 2198 543 2294 mitigata.
607 2199 703 2272 Praet
688 2207 786 2272 terea
814 2201 886 2273 isto
916 2224 1011 2272 auno
1041 2199 1110 2296 piae
1144 2199 1328 2272 memoriae

368 2315 538 2388 dominus
565 2313 774 2389 Willehnus
809 2318 854 2389 de
888 2317 923 2390 la
958 2315 1126 2389 Zowohe
1148 2315 1326 2413 archiepi-

368 2457 501 2529 scopus
528 2433 780 2521 Eboracensis,
807 2434 852 2506 ab
879 2433 951 2505 hoc
977 2433 1116 2505 mundo
1143 2432 1324 2527 migravit,

367 2558 535 2623 etenum
557 2552 681 2624 locum
706 2551 879 2647 magister
899 2549 1061 2623 Joannes
1088 2549 1132 2622 de
1155 2549 1325 2644 ‘lhursby

367 2667 560 2763 episeopus
595 2667 837 2741 Wireoestriae
872 2678 908 2740 et
943 2667 1046 2764 regni
1089 2666 1325 2740 cancellarius

366 2783 485 2858 fuerat
501 2786 711 2857 translatus.

416 2900 567 2973 ANNO
591 2899 730 2974 Christi
754 2900 862 2990 1353,
887 2901 981 2996 regis
1006 2899 1175 2973 Edwardi
1198 2899 1324 2986 27,in

367 3019 525 3092 crastino
548 3019 664 3092 sancti
688 3018 859 3108 Matthaei
882 3019 941 3091 vel
963 3017 1045 3092 Mat
1046 3017 1131 3090 thiae
1155 3017 1323 3113 apostoli,

365 3136 604 3230 parliamento
639 3134 956 3209 Westmonasterii
1000 3135 1070 3208 fuit
1113 3135 1323 3208 ordinatum

366 3252 463 3346 quod
493 3253 644 3346 stapulae
673 3253 850 3338 lanarum,
883 3251 1020 3325 scilieet
1050 3252 1152 3324 loeus
1183 3252 1325 3326 conflu-

365 3367 471 3440 entiae
505 3376 748 3439 mercatorum
789 3392 857 3464 pro
898 3368 991 3440 lauis
1031 3369 1206 3456 emendis,
1242 3394 1322 3467 quae

365 3483 466 3579 prius
492 3483 635 3556 fuerant
662 3485 760 3616 apud
787 3483 1030 3560 Flandriam.
1020 3509 1059 3558 m
1084 3477 1238 3582 Bruges,
1265 3485 1320 3560 fo-

365 3610 446 3673 rent
480 3602 524 3673 de
558 3611 687 3676 caetero
718 3603 757 3675 in
787 3603 938 3677 diversis
971 3603 1136 3700 partibus
1166 3603 1319 3700 Angliae,

364 3715 518 3806 Walliae,
542 3728 579 3792 et
601 3717 797 3810 Hiberniae,
822 3721 996 3794 ordinatis
1023 3722 1168 3794 statutis
1193 3730 1346 3794 eontra

363 3843 659 3932 transgressores,
690 3849 727 3910 et
757 3838 851 3912 datis
882 3838 1080 3936 privilegiis
1110 3839 1319 3911 mereatori-

364 3953 445 4040 buS,
470 3955 533 4027 sed
558 3955 740 4051 praecipue
767 3956 988 4052 alienigenis
1011 3965 1054 4028 ut
1079 3964 1179 4051 patet
1205 3955 1244 4026 in
1268 3956 1319 4027 le·

348 4070 468 4165 gibus
502 4072 586 4145 inde
616 4071 800 4146 confectis.
864 4073 953 4146 Post
986 4072 1202 4203 praedictum
1234 4095 1316 4167 par-

363 4186 579 4261 liamentum
606 4208 728 4260 comes
756 4189 1012 4286 Norhamptou
1039 4188 1202 4284 egregius
1230 4212 1317 4260 eon-

364 4302 465 4377 tinue
493 4305 665 4380 domitor
707 4303 914 4392 Scotorum,
950 4330 1106 4404 quorum
1148 4304 1316 4379 versutlae
