3110 5026
237 653 312 706 nn.
326 632 449 724 1349]
491 655 537 702 nn
556 654 683 704 aaran
703 653 750 702 nn
769 653 1010 703 swmauorrn.
1120 633 1188 708 195

234 781 288 854 sia
316 805 382 878 per
410 781 623 878 praedictum
649 779 858 854 Emericum
885 780 1003 854 fuerat
1028 781 1187 870 vendita,

234 898 297 971 sed
314 923 379 994 per
396 921 521 993 regem
538 897 692 993 gratiose
709 905 892 970 rescutata
914 897 979 969 tali
1001 920 1186 992 processu.

233 1013 432 1088 Praedictus
460 1014 649 1088 Emericus
678 1013 878 1088 Paduensis
911 1014 1007 1087 inter
1036 1024 1187 1090 caeteros

231 1128 435 1206 Januenses
464 1130 674 1204 morabatur
707 1130 747 1204 in
780 1129 923 1204 Oalesia
952 1130 1109 1219 obsessa,
1141 1131 1188 1204 ad

231 1247 413 1342 stipendia
434 1246 580 1342 tyranni
600 1244 822 1318 Francorum
839 1253 967 1317 contra
984 1269 1107 1340 regem·
1123 1247 1186 1319 ob-

232 1363 422 1448 sidentem,
441 1361 505 1436 sed
522 1359 591 1434 sibi
608 1369 644 1434 et
661 1361 799 1433 caeteris
817 1369 904 1456 post
922 1359 1018 1434 villae
1034 1361 1186 1433 deditio·-¹

233 1501 320 1556 nem
333 1499 506 1552 concessa
518 1475 634 1571 gratia
649 1475 734 1548 vitae
753 1483 790 1548 et
806 1476 1064 1568 membrorum,
1079 1481 1187 1574 atque
1251 1504 1272 1536 r>

231 1593 408 1668 libertatis
424 1591 604 1678 militaris,
624 1592 668 1665 de
686 1601 816 1666 caetero
839 1593 974 1666 mansit
996 1617 1082 1666 cum
1104 1617 1187 1690 rege

231 1708 498 1806 stipendiarius,
530 1707 577 1780 ad
605 1707 768 1801 ejusdem
798 1705 949 1780 Calesiae
978 1707 1183 1783 tuitionem.

230 1824 320 1899 Erat
348 1849 415 1920 pro
445 1833 534 1897 tunc
565 1822 751 1898 Galfridus
779 1824 951 1900 donnaus
985 1825 1030 1898 de
1063 1823 1185 1900 Matar

230 1942 334 2014 miles
356 1942 549 2038 plusquam
572 1940 702 2037 aliquis
721 1939 896 2028 Gallicus,
914 1949 957 2014 ut
978 1940 1076 2014 lama
1097 1966 1184 2015 veu-

230 2057 359 2146 tilavit‚
388 2058 426 2129 in
456 2081 494 2129 re
524 2057 672 2135 militari
702 2056 931 2144 exercitatus,
961 2065 1070 2154 atque
1098 2083 1185 2134 cum

230 2174 338 2269 longa
379 2173 601 2269 experientia
642 2187 839 2260 armorum,
875 2182 1014 2247 naturae
1048 2175 1184 2250 vivacis

230 2290 425 2386 sagacitate
447 2290 665 2363 excellenter
680 2288 839 2375 dotatur,
858 2297 896 2361 et
917 2289 999 2363 ideo
1024 2289 1184 2364 Francia

229 2416 468 2502 tyrannorum
509 2425 625 2497 usque
671 2402 718 2476 ad
764 2425 873 2478 suum
916 2403 1105 2478 interitum
1146 2416 1184 2478 et
1223 2491 1227 2499 1

228 2520 393 2594 coronati
438 2518 662 2594 Francorum
711 2517 919 2614 captionem
970 2517 1009 2594 in
1058 2521 1184 2615 praelio

229 2637 447 2723 Pictavensi,
478 2634 709 2714 conciliarius
738 2635 961 2731 principalis.
1024 2635 1099 2710 Iste
1132 2637 1185 2710 fa..

229 2756 396 2834 cinorum
421 2751 661 2833 calidissimus
688 2751 927 2838 machinator,
956 2751 1068 2827 fidem
1092 2777 1184 2849 prae-

228 2872 294 2946 lati
323 2871 482 2944 Emerici
504 2868 617 2943 literis
641 2867 709 2942 sibi
734 2869 887 2956 evocati,
912 2869 1001 2942 auri
1017 2869 1122 2942 donis
1148 2879 1184 2942 et

220 2986 437 3083 ⁴sophisticis
462 2983 651 3082 promissis
676 2992 829 3059 conatus
853 2992 1072 3080 pervertere,
1095 2985 1184 3058 fina-

228 3105 312 3178 liter
345 3127 427 3181 cum
463 3101 554 3178 salso
588 3100 743 3197 cupidus
778 3101 960 3187 convenit,
990 3101 1088 3196 quod
1116 3123 1184 3198 pro

228 3222 389 3298 millibus
423 3227 649 3296 scutatorum
691 3241 896 3306 aureorum,
937 3242 1002 3314 per
1039 3218 1180 3306 turrim,

227 3339 288 3410 cui
310 3336 500 3412 Emericus
525 3334 801 3438 praeficiebatur,
823 3334 968 3408 facilem
991 3335 1182 3410 introitum

229 3454 379 3528 Gallicis
404 3453 444 3526 in
467 3453 593 3526 villam
617 3451 802 3548 reperiret,
824 3459 933 3547 atque
956 3452 1002 3524 ad
1024 3453 1118 3526 villa
1145 3462 1182 3527 et
1316 3502 1318 3505 .

228 3570 338 3644 castri
371 3569 561 3645 tuitionem
595 3577 774 3665 quatenus
816 3577 939 3664 posset
981 3569 1181 3665 adjuraret·

226 3686 382 3758 Pactum
420 3685 542 3779 itaque
583 3682 824 3778 proditiosum
858 3692 1181 3782 quantumcunque

227 3827 293 3902 per
314 3804 563 3899 juramentum
588 3807 625 3872 et
650 3799 944 3874 communionem
967 3803 1182 3876 sacramenti

226 3920 351 3994 altaris
367 3905 558 4013 utriusque
575 3915 841 4006 confirmatum,
861 3926 1023 3994 attamen
1042 3929 1085 3992 ut
1105 3920 1182 4013 ple«

226 4062 318 4115 num
333 4042 481 4112 versuta
497 4035 692 4110 calliditate
710 4043 747 4106 et
762 4034 834 4108 fide
850 4035 998 4108 inventa
1023 4029 1181 4130 pessime

226 4152 344 4226 fuerat
370 4151 587 4226 nuntiatum.
640 4149 820 4246 Equidem
849 4175 924 4222 non
946 4150 1021 4246 J'am
1048 4149 1180 4222 Iliacos

227 4271 250 4343 i.
264 4294 294 4342 e.
307 4268 468 4345 Calesios
486 4295 601 4342 muros
619 4279 717 4341 ectru
731 4279 899 4360 peccatur
918 4278 951 4339 et
967 4267 1075 4354 intra,
1094 4291 1179 4340 nam

669 4409 694 4454 rr
714 4387 736 4456 2
