3120 5008
201 618 410 709 aulaea]
453 643 497 689 nn
519 643 644 690 aaran
665 641 711 689 nn
732 641 971 691 swrnmtorrn.
1082 624 1145 691 131

199 770 385 843 adventus.
410 807 420 826 ·
436 770 590 844 Proinde
608 772 763 845 concilio
781 772 874 868 regis
892 780 1093 845 convocato
1111 772 1149 843 in

199 888 397 960 crastinum
413 889 678 962 Purificationis
689 888 851 984 Virginis
869 889 1046 986 gloriosae,
1066 899 1150 987 post

198 1025 391 1097 procerum
408 1007 617 1080 consultum
639 1031 703 1079 rex
727 1007 968 1079 cardinalibus
992 1005 1149 1079 finaliter

197 1121 396 1215 respondit,
418 1122 517 1216 quod
542 1123 707 1216 quamvis
733 1123 853 1216 ipsum
878 1123 974 1194 ultra
998 1122 1148 1194 modum

197 1237 446 1332 angustiatum
480 1238 678 1311 affecerunt
722 1239 788 1311 sibi
833 1239 1050 1334 denegatum
1087 1241 1148 1335 jus

196 1377 403 1440 commune,
423 1379 494 1450 quo
512 1355 658 1427 deberet
679 1355 719 1424 in
740 1378 894 1450 regnum
911 1355 1050 1426 avitum
1068 1377 1149 1427 suc·

197 1469 337 1557 cedere,
367 1479 403 1543 et
437 1471 630 1545 crudelitas
661 1491 772 1567 quarn
802 1494 890 1544 suus
925 1471 1150 1542 adversarius

196 1585 390 1683 Philippus
414 1587 458 1660 de
476 1587 623 1661 Valesio
647 1586 810 1661 exercuit
832 1587 870 1658 in
887 1585 1073 1682 Anglicos,
1095 1587 1149 1682 ip-

198 1727 258 1776 sos
283 1704 461 1777 duntaxat
487 1705 532 1777 de
558 1727 668 1801 regno
695 1703 854 1777 Franciae
880 1712 1067 1798 tamquam
1083 1701 1151 1775 Ju-

199 1819 295 1892 daeos
325 1829 387 1893 aut
416 1821 583 1894 inimicos
611 1818 749 1892 Christi
780 1819 1006 1916 expellendo,
1038 1819 1149 1892 truci-

199 1937 331 2024 dando,
350 1938 551 2034 spolianda
573 1947 610 2010 et
634 1935 903 2023 incarcerando,
926 1945 963 2019 et
989 1936 1057 2009 sibi
1082 1937 1148 2012 du-

199 2060 321 2124 catum
346 2053 552 2149 Aquitaniae
579 2062 616 2126 et
644 2054 860 2127 comitatum
887 2053 1066 2126 Pontiniae
1093 2055 1147 2128 in-

195 2169 292 2264 juste
319 2170 395 2242 'sine
421 2192 531 2243 causa
548 2170 763 2271 'auferenda
783 2180 820 2243 et
846 2171 995 2266 insuper
1019 2169 1150 2244 Scotos

198 2311 283 2359 suos
307 2287 456 2360 rebelles
478 2287 613 2374 favore,
631 2288 783 2359 consilio
807 2296 844 2359 et
867 2288 1002 2359 auxilio
1022 2297 1151 2360 contra

197 2403 321 2498 ipsum
338 2401 575 2488 conterende,
594 2410 717 2474 tamen
734 2402 816 2498 paci
834 2402 994 2473 ecclesiae
1015 2410 1052 2473 et
1073 2426 1151 2496 reg-

200 2543 332 2592 norum
348 2520 503 2590 libenter
520 2518 823 2590 condescenderet
837 2549 845 2604 ;
874 2517 1007 2590 obtulit
1023 2517 1080 2589 his
1097 2517 1153 2588 in-

197 2635 303 2731 juriis
322 2634 570 2706 condonandis
588 2633 832 2706 cardinalibus
850 2643 886 2704 et
904 2633 980 2728 regi
997 2632 1154 2706 Franco-

201 2777 281 2825 rum
301 2775 370 2849 pro
392 2775 482 2846 pace
503 2759 546 2824 et.
561 2749 712 2847 pacifica
729 2749 956 2846 possessione
974 2748 1153 2844 Aquitan-

201 2870 270 2941 niae
294 2878 331 2941 et
352 2868 507 2940 aliorum
524 2866 720 2940 feudalium
738 2886 817 2962 quae
835 2873 1080 2939 antecessores
1098 2867 1155 2940 sui

201 2985 442 3082 possederunt
462 2991 499 3057 et
519 2984 597 3080 ipse
617 2983 762 3056 deberet
785 2984 829 3056 de
847 2984 930 3078 jure
946 2983 1152 3079 possidere;

199 3104 290 3176 item
316 3125 383 3199 pro
409 3101 616 3174 dimissione
641 3123 770 3174 manus
799 3100 1031 3174 auxiliatricis
1057 3101 1153 3196 regis

203 3219 363 3292 Franciae
381 3241 402 3289 a
416 3216 534 3290 Sectis
548 3218 623 3290 suis
637 3217 840 3304 rebellibus,
855 3218 988 3290 obtulit
1004 3217 1153 3314 inquam

201 3361 268 3434 pro
288 3336 345 3407 his
366 3358 449 3408 suas
470 3333 642 3430 pecunias
666 3355 731 3426 per
754 3332 851 3428 ipsos
874 3331 1012 3405 ratione
1035 3333 1153 3404 media

201 3451 376 3526 taxandae
390 3459 454 3523 aut
466 3449 698 3545 maritagium
710 3448 776 3519 filii
789 3448 845 3520 sui
858 3447 1101 3544 primogeniti,
1116 3457 1153 3520 et

200 3576 332 3665 praeter
347 3567 426 3639 haec
443 3566 723 3662 resignationem
736 3563 829 3659 juris
847 3564 944 3659 quod
961 3563 1089 3635 habuit
1106 3563 1152 3636 ad

202 3707 376 3758 coronam
392 3683 493 3778 regni
510 3680 681 3754 Franciae.
719 3678 814 3751 Cum
832 3680 901 3751 ista
919 3679 1152 3774 responsione

200 3801 274 3874 laeti
304 3807 529 3874 recesserunt
559 3796 770 3881 cardinales,
797 3796 1016 3870 estimantes
1046 3820 1151 3892 guer-

201 3942 279 3992 ram
302 3918 386 4012 jam'
400 3916 508 4003 finiri,
531 3925 567 3988 et
593 3916 632 3986 in
656 3913 748 3987 festo
765 3913 932 4010 proximo
951 3910 1150 3985 Translati-

201 4035 280 4108 onis
299 4034 414 4108 sancti
432 4033 621 4106 Benedicti
642 4031 794 4127 ingressi
815 4055 925 4115 mare,
944 4051 1069 4101 secum
1085 4026 1150 4098 ha-

199 4154 358 4226 buerunt
374 4151 399 4224 J
401 4174 556 4225 oannem
578 4149 890 4245 archiepiscopum
911 4143 1149 4218 Cantuarien-

198 4293 287 4358 sem,
307 4276 342 4342 et
363 4269 398 4342 R
402 4323 557 4342 ......
576 4265 871 4350 Dunelmensem,
899 4271 936 4336 et
961 4261 1149 4334 dominum

650 4385 705 4452 12
