3110 5026
229 635 307 684 run.
329 613 452 704 1350]
485 637 529 686 nn
550 635 677 684 sanun
696 635 1003 684 onsw1unnonu.
1107 615 1179 687 209

226 765 393 850 cessavit,
425 773 461 839 et
489 762 640 837 Thomas
669 764 821 838 victoria
852 764 1092 861 adjudicatur,
1119 765 1182 860 qui

226 880 365 954 victum
381 879 562 954 Joannem
584 881 741 978 principi
761 880 903 954 Walliae'
926 881 1073 954 dederat
1095 904 1180 976 cap·

227 997 356 1084 tivum,
375 1007 483 1095 atque
507 1022 610 1072 suam
633 1008 853 1072 armaturam
877 1006 1004 1071 sancto
1022 996 1180 1094 Georgio

225 1113 263 1184 in
293 1115 445 1187 ecclesia
474 1116 591 1189 sancti
621 1114 724 1187 Pauli
754 1113 887 1187 obtulit
917 1115 1056 1187 devote.
1109 1114 1181 1187 His

224 1231 391 1326 peractis,
419 1232 557 1328 Cyprio
582 1232 688 1304 datur
712 1231 859 1304 libertas
886 1230 1181 1304 manumissionis
1242 1269 1245 1276 ¹

224 1347 442 1420 et.Th0mas
466 1348 511 1420 ad
535 1347 765 1444 praesentiam
789 1346 845 1419 sui
870 1346 990 1420 fratris
1016 1349 1180 1420 coronati
1277 1402 1299 1424 =.

224 1460 446 1537 Francorum
469 1463 693 1537 confidenter
717 1462 912 1561 profectus,
941 1463 1079 1536 invenit
1105 1465 1179 1538 dic-

223 1589 304 1653 tum
340 1591 552 1672 corpnatum
586 1591 623 1654 ct
656 1605 823 1678 proceres
858 1580 1019 1675 Francia
1053 1589 1181 1655 contra

223 1697 346 1794 ipsum
380 1698 596 1795 indignatos,
632 1723 699 1795 pro
734 1721 777 1770 eo
808 1699 905 1794 quod
939 1721 1062 1772 coram
1097 1723 1180 1794 rege

227 1814 365 1910 Angliae
408 1815 670 1888 monomachiae
712 1815 962 1889 consentiebat
1003 1815 1179 1911 putative.

222 1931 282 2003 Ad
311 1930 388 2004 haec
414 1929 576 2004 Thomas
602 1954 752 2005 securus
781 1931 825 2003 de
853 1931 943 2004 falsa
972 1929 1091 2004 fratris
1122 1931 1179 2004 sui

223 2047 391 2134 amicitia,
410 2051 536 2123 volens
560 2049 757 2121 ostendere
773 2071 810 2120 se
832 2047 1065 2136 benefecisse,
1084 2049 1180 2124 inter

223 2172 351 2237 caetera
373 2163 533 2238 laudavit
556 2165 650 2260 regis
674 2163 841 2237 Edwardi
864 2164 1103 2252 nobilitatem,
1124 2165 1178 2240 sa·

222 2303 319 2352 mam
336 2304 401 2376 per
418 2289 536 2352 totum
555 2281 680 2351 orbem
700 2280 924 2368 ventilatam,
943 2289 979 2351 et
998 2282 1178 2376 justitiam

223 2420 333 2491 quam
359 2395 521 2467 exercuit
542 2394 751 2489 judicando,
779 2417 853 2465 non
879 2402 1071 2489 acceptans
1097 2421 1179 2491 per-

221 2534 349 2588 sonam
367 2508 494 2606 Cyprii
516 2510 578 2606 qui
601 2509 723 2606 ipsum
746 2534 868 2605 regem
892 2509 1064 2606 diligebat
1087 2535 1179 2606 prae.

220 2627 416 2714 ferendam,
439 2625 570 2722 inquit,
595 2626 685 2698 mihi
707 2625 860 2714 Franco,
883 2635 992 2723 atque
1015 2627 1118 2699 fratri
1141 2638 1178 2702 et

219 2744 336 2822 amico
358 2743 424 2816 tibi
448 2743 596 2816 domino
619 2767 701 2815 meo
726 2743 802 2838 regi
820 2743 993 2829 Franciae,
1013 2743 1176 2839 praedicti

219 2860 388 2934 Edwardi
413 2861 508 2956 regis
530 2860 663 2956 judicis
689 2860 884 2933 adversarii
911 2860 994 2934 mei.
1049 2860 1176 2956 Itaque

220 3001 342 3050 comes
359 2978 404 3050 de
423 2977 483 3049 Eu
500 2977 538 3048 in
555 2978 681 3050 laudes
699 2978 814 3074 regias
832 2976 995 3074 profudit
1020 2977 1174 3065 abunde,

219 3096 458 3168 adnumerans
482 3095 610 3168 solatia
632 3103 668 3168 et
691 3096 864 3168 beneficia
884 3119 964 3190 quae
988 3095 1025 3167 in
1044 3097 1176 3192 Anglia

218 3211 353 3310 recepit
387 3237 409 3286 a
442 3237 525 3309 rege
556 3237 621 3310 per
651 3221 797 3309 tempus
831 3237 906 3285 suae
940 3213 1172 3310 captivitatis,
1241 3219 1246 3230 '

217 3353 408 3403 recensens
426 3355 509 3403 cum
527 3331 606 3403 aliis
624 3354 733 3427 quam
750 3332 857 3427 longe
874 3331 943 3404 fuit
965 3332 1010 3404 ab
1032 3334 1172 3428 optimo

217 3469 300 3539 rege
329 3446 466 3518 invidia
494 3448 663 3542 relegata,
692 3447 837 3542 quando
868 3447 937 3543 ipsi
970 3448 1008 3519 in
1041 3448 1172 3544 Anglia

216 3561 361 3656 captivo
387 3560 648 3649 hastiludianti‚
668 3564 730 3635 ubi
756 3564 865 3637 etiam
892 3563 954 3636 rer
980 3564 1171 3637 hastiludi-

215 3679 302 3765 avit,
330 3701 404 3751 non
430 3678 615 3752 invidebat
643 3681 762 3776 campi
788 3681 939 3777 gratiam
965 3683 1167 3756 acclamari.

217 3794 403 3869 Laudibus
430 3796 587 3891 praefatis
615 3809 936 3896 quantumcunque
964 3798 1055 3872 citra
1081 3824 1170 3873 con-

214 3912 364 4008 dignum
391 3912 596 4009 praedicatis
624 3913 808 3987 invidebat
834 3923 1027 3987 coronatus
1056 3914 1167 3988 Fran-

214 4053 353 4114 corum,
380 4039 416 4103 et
446 4054 510 4126 per
537 4030 822 4126 indignationem
852 4055 896 4102 ex
926 4030 1072 4118 invidia,
1102 4055 1168 4103 no-

213 4169 319 4217 verca
331 4146 494 4241 justitiae,
515 4148 638 4244 spurio
662 4158 768 4245 partu
794 4147 993 4244 progenita,
1017 4147 1168 4244 praedic-

145 4325 147 4332 ,
213 4268 332 4333 tarum
361 4261 510 4336 landum
541 4288 724 4359 praecones
752 4264 862 4360 impie
886 4263 995 4360 jussit
1023 4264 1168 4360 decapi-

675 4404 696 4452 ο
