3110 5026
246 681 322 730 nn.
341 657 463 748 1355.]
521 679 567 727 nu
587 678 714 727 neuun
733 679 781 728 nu
800 677 1040 728 swruuuouu.
1124 655 1197 730 227

245 829 321 878 non
336 805 557 902 persolvens,
576 803 628 876 ita
645 803 714 878 fuit
736 805 780 878 ab
804 805 856 878 eis
878 806 1082 893 derelictuS,
1101 806 1200 902 quod

245 947 329 1018 rege
345 922 535 998 Franciam
553 922 809 1019 depopulante,
830 933 1026 998 coronatus
1043 947 1119 996 non
1135 924 1199 996 ha-

244 1041 334 1114 bens
357 1065 443 1114 oum
463 1041 595 1136 quibus
617 1050 823 1113 occurreret
845 1065 912 1114 suo
934 1043 1198 1138 persequutori,

244 1157 367 1253 ipsum
403 1157 654 1251 insequentem
687 1156 860 1250 fugiebat,
895 1157 1000 1228 villae
1034 1157 1199 1253 proprias

243 1272 441 1345 incendens
466 1280 504 1345 et
527 1271 700 1344 victualia
725 1271 930 1358 devastans,
957 1296 1002 1344 ne
1027 1297 1091 1345 rex
1116 1272 1200 1346 hos-

244 1388 378 1485 pitium
405 1397 471 1462 aut
496 1387 637 1462 victum
663 1413 730 1486 pro
759 1390 835 1462 suis
862 1390 1045 1487 reperiret.
1098 1389 1199 1463 Alta-

244 1528 331 1577 men
372 1503 541 1578 dominus
574 1527 638 1578 rex
672 1505 796 1602 ipsum
829 1515 1043 1579 coronatum
1084 1507 1201 1580 tribue

244 1621 372 1695 diebus
414 1631 669 1720 persequutuS,
704 1621 863 1719 qualibet
897 1631 1005 1696 noete
1038 1622 1200 1719 hospita-

245 1747 317 1825 tur,
349 1739 412 1812 ubi
445 1749 552 1813 noete
586 1739 803 1834 praecedenti
832 1748 1028 1814 coronatus
1057 1739 1200 1836 fugiens

244 1854 419 1928 latitabat.
911 1842 916 1850 “

295 1971 384 2048 Post
409 1997 572 2046 mensem
589 1973 748 2070 Augusti
775 1974 945 2047 dominus
972 1997 1036 2048 rex
1062 1983 1100 2047 et
1124 1973 1200 2046 dux

246 2087 464 2163 Lancastriae
494 2115 580 2163 oum
614 2099 754 2186 septem
786 2091 946 2164 millibus
976 2099 1200 2164 armatorum

245 2215 283 2279 et
320 2206 560 2302 pertinentiiS,
596 2204 788 2279 Franciam
827 2207 1021 2295 intrarunt,
1056 2216 1094 2280 et
1135 2230 1200 2302 per

245 2345 378 2408 novem
411 2323 528 2394 dietas
561 2321 684 2406 omnia
717 2321 919 2394 itinerando
952 2322 1101 2394 flamma
1138 2323 1199 2396 de-

245 2445 435 2534 pascentes
465 2436 746 2532 depopularunt,
778 2446 814 2508 et
844 2434 1024 2508 Calesiam
1053 2439 1201 2523 reversi,

244 2552 387 2626 audivit
419 2574 483 2626 rex
517 2544 614 2649 quod
649 2551 750 2625 Sooti
783 2551 911 2627 furtim
943 2553 1125 2626 intrarunt
1162 2564 1200 2626 et

244 2680 422 2768 oeperunt
443 2671 569 2744 villam
591 2669 755 2757 Berwici,
776 2671 914 2745 barone
935 2671 981 2742 de
1005 2669 1202 2744 Greistoke

246 2809 322 2857 non
344 2785 498 2857 invitato
521 2808 607 2856 curu
630 2808 714 2879 rege
737 2783 928 2870 militante,
946 2782 1007 2856 cui
1032 2783 1200 2856 commit-
1244 2837 1246 2840 -

246 2901 394 2974 tebatur
426 2924 514 2974 cura
546 2900 641 2972 villae
667 2900 744 2996 jam
774 2909 902 2996 oaptae,
934 2900 1031 2973 unde
1060 2923 1125 2972 rex
1154 2900 1201 2972 ad

248 3015 409 3090 Sootiam
431 3017 650 3113 properavit,
675 3015 879 3090 Berwieum
901 3016 1067 3103 obsessio,
1086 3025 1122 3090 et
1145 3016 1200 3088 in-
1249 3087 1255 3106 ,

246 3132 301 3206 fra
330 3131 550 3230 quindenam
578 3131 703 3204 villam
737 3132 805 3205 sibi
839 3131 1018 3204 redditam
1052 3133 1199 3229 recepit,

246 3250 340 3323 datis
357 3250 434 3324 vita
450 3258 487 3322 et
502 3249 669 3322 libertate
691 3247 850 3322 inventis
872 3249 911 3320 iu
934 3249 1005 3322 illa.
1060 3248 1202 3322 Deinde

247 3365 410 3440 Scotiam
435 3391 550 3464 usque
575 3367 622 3439 ad
647 3389 746 3438 mare
771 3365 959 3440 Sentinum
983 3367 1199 3464 peragravit,

246 3492 285 3556 et
315 3485 400 3578 quia
428 3484 599 3557 victualia
628 3483 802 3556 exercitui
833 3483 1026 3557 defuerunt
1059 3508 1126 3580 pro
1156 3508 1200 3556 eo

245 3599 346 3695 quod
380 3598 480 3672 Senti
514 3608 598 3672 ante
632 3607 844 3696 suspectum
876 3600 970 3696 regis
1003 3601 1201 3678 adventum

245 3715 371 3790 omnia
396 3715 443 3788 ad
469 3715 607 3788 insulas
635 3724 672 3788 et
699 3715 876 3789 fortalicia
905 3724 942 3788 et
971 3725 1071 3789 trans
1101 3738 1200 3789 mare

245 3829 379 3905 Scotiaa
418 3831 666 3928 deportarunt,
700 3832 765 3904 sed
806 3856 923 3928 neque
956 3855 1067 3906 naves
1100 3831 1202 3905 Novi
1267 3905 1276 3921 ,

244 3948 355 4021 casui
382 3946 582 4021 exereitum
608 3946 880 4034 victualiarunt,
906 3957 1030 4020 tamen
1054 3948 1103 4019 ad
1130 3947 1201 4019 hoo

244 4064 432 4151 ordinatae,
450 4088 537 4138 eum
563 4088 646 4162 rege
671 4063 893 4150 licentiante,
910 4086 1037 4136 omnes
1063 4063 1102 4136 in
1123 4062 1198 4136 An-

245 4178 357 4272 gtiam
386 4181 641 4277 repatriatunt,
669 4181 905 4279 sequentibus
932 4181 970 4253 in
996 4179 1070 4252 tine
1098 4205 1198 4254 exer-

244 4293 342 4368 eitus
363 4296 411 4368 ad
437 4299 483 4368 12
506 4299 674 4372 milliaria
696 4298 857 4373 Roberto
874 4297 1000 4388 Herio,
1016 4295 1199 4374 Amerino

295 4445 298 4454 ·
688 4417 749 4485 1³2
