3110 5026
250 651 326 702 no.
341 624 470 719 1347.]
501 650 546 699 re
565 650 695 700 narro
713 649 761 699 ou
781 650 1021 700 swrnrnonn.
1129 631 1198 720 183

249 785 322 850 tate
346 777 385 847 in
408 763 483 850 isto
503 775 659 850 articulo
676 776 938 874 comprehensi.
991 776 1084 850 Item
1101 779 1200 872 quod

246 913 372 964 omnes
393 892 537 965 articuli
559 901 748 990 tangentes
770 902 989 967 mercatores
1011 902 1199 971 eteorum

246 1031 385 1102 paoem,
421 1007 495 1080 sint
529 1007 675 1082 Parisiis
709 1009 819 1082 etin
852 1011 931 1082 aliis
964 1009 1069 1082 bonis
1102 1009 1198 1082 villis

245 1122 404 1195 Franciae
423 1125 648 1219 proclamati.
702 1125 796 1197 Item
817 1127 939 1197 nullus
962 1125 1118 1197 duorum
1141 1149 1198 1198 re-

244 1262 334 1333 gum
350 1239 561 1334 procurabit
581 1263 646 1336 per
670 1263 709 1312 se
728 1241 788 1312 vel
810 1239 1015 1337 paralium,
1034 1263 1098 1312 seu
1115 1265 1199 1336 pro·
1291 1275 1295 1285 Δ

244 1355 365 1432 curari
389 1355 575 1451 permittet
600 1356 846 1452 gratiequod
870 1379 936 1452 per
960 1355 1099 1431 curiam
1123 1356 1197 1429 Ro-

245 1495 391 1544 manam
414 1473 536 1568 aliqua
558 1472 767 1548 molestatio
791 1496 855 1545 seu
874 1475 1030 1546 'censura
1047 1473 1197 1545 'ecclesi-

246 1587 361 1660 astiea
377 1596 507 1660 contra
521 1596 658 1662 statum
676 1612 740 1661 seu
757 1588 916 1684 quietem
932 1588 1086 1683 alicujus
1107 1588 1199 1680 duos

245 1728 328 1776 rum
370 1727 498 1800 regum
531 1707 590 1777 vel
627 1729 778 1779 suomm
811 1705 1024 1792 amicorum,
1057 1704 1198 1778 ratione

243 1843 382 1915 guerrae
410 1821 469 1898 vel
499 1821 647 1910 alterius
663 1831 807 1908 causae,
835 1821 888 1922 ¹sit
920 1821 1105 1908 innovata,
1133 1822 1199 1893 sed

244 1959 390 2010 omnem
410 1937 615 2010 talem-eine
632 1940 728 2010 mala
744 1937 1027 2034 ingeminatione
1043 1961 1111 2033 pro
1129 1947 1196 2011 suo'

243 2075 349 2147 posse
366 2076 467 2156 reges
485 2053 620 2126 facient
637 2054 836 2150 impediri'
869 2051 965 2126 Item
984 2053 1111 2127 omnes
1132 2055 1195 2130 ob-

243 2167 400 2242 sidiones
425 2193 490 2264 per
515 2169 718 2265 potentiam
744 2170 1007 2266 cujuscumque
1026 2171 1196 2245 subdito-

243 2307 325 2357 rum
347 2286 506 2357 duorum
528 2309 655 2380 regum
679 2284 720 2356 in'
737 2285 918 2358 Gasconia
941 2310 1007 2358 seu
1030 2286 1195 2382 Gyenna,

242 2401 301 2474 vel
326 2399 527 2486 Britannia,
547 2423 611 2472 seu
628 2399 801 2486 Pictavia‚
820 2410 885 2473 aut
906 2402 953 2491 in¹
967 2403 1096 2473 insulis
1118 2427 1195 2476 ma-

243 2516 332 2588 rinis
349 2515 545 2609 congestae,
563 2516 622 2587 vel
638 2516 861 2612 ubicumque
882 2517 1090 2590 immediate
1112 2529 1196 2614 post

242 2633 527 2731 publicationem
539 2637 692 2709 istarum
705 2647 917 2732 treugarum
929 2646 1037 2711 erunt
1054 2637 1193 2712 solutae.

243 2749 337 2823 Item
358 2752 457 2847 quod
478 2752 508 2824 si
530 2761 692 2826 castrum
709 2755 768 2825 vel
784 2754 871 2826 villa
886 2755 945 2826 vel
961 2753 1194 2842 fortalicium,

242 2863 408 2938 homines
429 2873 492 2938 aut
514 2865 585 2938 alia
601 2889 824 2963 quaecunque
845 2867 941 2940 bona
962 2865 1110 2938 mobilia
1130 2889 1196 2940 eeu

242 2979 442 3054 immobilia
465 2981 614 3054 bierunt
632 2992 751 3077 capta,
774 2989 860 3078 post
883 2981 1196 3055 confirmationem

242 3095 394 3168 istarum
412 3104 635 3193 treugarum,
648 3098 814 3194 quamvis
826 3123 902 3170 non
914 3098 1195 3194 publicatarum,

242 3211 316 3284 sint
333 3221 456 3287 tamen
472 3214 511 3286 in
526 3215 713 3311 integrum
727 3223 864 3287 statum
876 3215 1109 3302 restitutam
1122 3237 1196 3312 quo

145 3409 149 3423 ἱ
242 3326 385 3402 fuerant
407 3331 465 3403 die
489 3331 774 3405 confirmationis
796 3331 949 3404 istarum
972 3341 1192 3427 treugarum.

244 3443 336 3516 Item
358 3446 501 3540 justitia
524 3449 590 3521 fiat
614 3449 763 3522 cuilibet
788 3448 925 3522 volenti
951 3449 1123 3545 conqueri
1149 3450 1195 3523 de

241 3561 348 3656 lapsu
372 3585 438 3634 seu
462 3561 549 3658 fuga
573 3587 638 3636 seu
662 3564 734 3636 fide
757 3564 911 3637 mentita
931 3565 1194 3660 cujuscumque

242 3677 388 3774 captivi,
416 3687 454 3751 et
478 3677 525 3750 ad
549 3679 620 3752 hoc
645 3680 720 3754 sint
740 3682 881 3776 judices
907 3682 1108 3777 specialiter
1132 3684 1193 3756 de-

240 3794 371 3891 putati.
425 3794 520 3868 Item
549 3796 647 3891 quod
677 3797 825 3871 cuilibet
858 3799 995 3872 volenti
1029 3800 1193 3896 redemp⁴

241 3909 378 3983 tionem
408 3934 512 3984 suam
541 3911 681 3985 solvere
710 3922 774 3986 aut
802 3914 848 3986 ab
877 3914 1000 4011 aliquo
1029 3915 1193 3987 debitum

241 4028 395 4123 exigere,
413 4051 479 4100 seu
496 4029 541 4101 de
558 4029 628 4103 alio
645 4054 848 4127 proponere
865 4033 1059 4127 querelam,
1079 4031 1192 4127 assig-

241 4151 349 4215 netur
365 4145 486 4218 salvus
504 4147 707 4221 conductus
724 4157 761 4221 et
778 4171 940 4220 securus.
986 4147 1081 4218 Item
1094 4148 1192 4241 quod

240 4266 376 4354 treugae
395 4259 470 4333 sint
490 4263 711 4337 confirmatae
728 4262 848 4358 quoad
865 4261 994 4336 Scotoe
1012 4270 1191 4336 eteorum
