3118 5008
267 587 282 620 ³
399 609 445 682 98
648 627 872 681 onnonrcon
892 625 1075 676 aninumr
1133 599 1346 708 [r.n.132ti.

416 769 418 774 ’
449 753 525 828 Isto
548 779 644 828 anno
666 755 814 828 domino
830 753 971 826 Jacobo
995 750 1040 824 de
1062 749 1254 823 Berkeleia
1273 749 1350 844 epi-

398 893 509 966 scopo
522 870 720 944 Exoniensi
736 871 833 948 viarn
851 868 1029 942 universae
1043 867 1161 940 carnis
1174 867 1350 962 ingresso,

399 987 567 1060 dominus
587 987 749 1061 Joannes
771 988 815 1060 de
833 985 1094 1070 Grandisson0‚
1112 1008 1178 1081 per
1198 982 1351 1080 provisi-

399 1126 638 1200 onempapae,
656 1103 804 1176 infesto
823 1103 940 1176 sancti
963 1101 1072 1175 Lucae
1094 1102 1133 1174 in
1154 1100 1256 1173 curia
1276 1097 1350 1170 Ro-

399 1243 506 1290 mana
522 1219 592 1292 fuit
611 1219 651 1292 in
671 1220 884 1315 episcopum
901 1216 1144 1292 Exoniensem
1162 1238 1350 1288 consecra-

399 1343 470 1408 tus.
524 1336 664 1408 Eodem
682 1359 778 1407 anno
795 1333 964 1408 transivit
986 1334 1032 1406 ad
1054 1333 1217 1406 coelestia
1237 1331 1352 1405 domi·

399 1474 468 1524 nus
481 1451 679 1526 Edwardus
697 1460 801 1548 pater
818 1449 925 1546 regie,
937 1459 980 1522 ut
998 1450 1137 1536 dictum
1155 1458 1211 1521 est
1229 1470 1350 1542 supra.

399 1567 494 1642 Item
517 1569 590 1642 hoc
613 1593 718 1652 anno,
727 1568 882 1641 Carolus
900 1569 945 1640 de
960 1565 1107 1639 Valesio
1124 1575 1277 1661 patruus
1297 1588 1352 1636 re·

400 1685 453 1780 gis
471 1684 632 1756 Franciae
652 1683 786 1770 Caroli,
805 1693 913 1780 atque
931 1683 1091 1756 Isabellae
1110 1681 1237 1755 matris
1260 1680 1352 1776 regi-

400 1823 456 1872 nae
476 1798 632 1894 Angliae,
651 1799 715 1896 qui
735 1799 911 1894 Anglicos
937 1821 1079 1895 semper
1104 1796 1188 1871 odio
1213 1797 1352 1883 habuit,

400 1925 438 1988 et
463 1923 506 1986 ut
533 1915 766 2001 dictumest,
795 1924 923 1988 contra
949 1915 1121 1989 comitem
1148 1913 1287 1987 Cantiae
1315 1913 1354 1984 in

402 2025 622 2104 Gasconiam
649 2031 753 2104 duxit
781 2031 981 2104 exercitum
1006 2031 1240 2116 Francorum,
1268 2054 1354 2103 con·
1407 2079 1412 2084 -

399 2149 520 2222 'victus
550 2150 650 2245 quod
682 2173 804 2244 regem
838 2149 998 2221 Franciae
1031 2155 1203 2243 nepotem
1232 2171 1353 2234 suum,

401 2267 519 2341 filium
544 2266 681 2339 scilicet
703 2265 862 2361 Philippi
884 2265 918 2338 le
942 2265 1048 2338 Beals
1071 2264 1190 2337 fratris
1212 2263 1280 2350 sui,
1299 2263 1354 2336 in-

402 2382 557 2456 vitatum
588 2382 633 2454 ad
659 2382 869 2454 venandum
904 2391 940 2454 et
974 2381 1196 2477 epulandum
1229 2402 1355 2454 secum

402 2499 547 2572 volebat
566 2500 743 2596 jugulare,
768 2499 925 2571 traditur
951 2497 1129 2593 supplicio
1155 2497 1246 2569 citra
1268 2520 1354 2568 con·
1405 2499 1408 2506 “

404 2614 567 2710 dignum.
630 2614 718 2693 Post
761 2638 893 2710 nempe
930 2612 1172 2700 venationem,
1208 2611 1355 2707 quidam

404 2731 498 2826 regis
533 2730 680 2804 clavarii
714 2730 889 2803 intrantes
922 2729 1046 2802 locum
1076 2729 1234 2801 convivii
1264 2729 1355 2801 cele-

354 2940 357 2946 ,
403 2848 544 2933 brandi‚
569 2855 756 2942 comperta
778 2843 1047 2918 machinatione
1069 2844 1296 2940 proditionis,
1318 2853 1356 2917 et

324 3060 328 3065 .
406 2965 504 3059 quod
525 2963 595 3033 viri
620 2961 760 3046 armati,
781 2961 911 3055 quibus
934 2969 1010 3032 erat
1033 2960 1208 3056 palatium
1231 2960 1269 3032 in
1292 2983 1354 3032 ne-

405 3101 506 3150 more
533 3077 734 3148 consistens
761 3077 951 3173 repletum,
978 3099 1122 3170 pressos
1148 3076 1192 3148 de
1218 3085 1356 3148 secreta
1401 3065 1402 3068 ¹

405 3194 498 3288 regis
511 3191 648 3264 familia
660 3191 899 3278 trucidarunt,
915 3201 951 3264 et
969 3191 1122 3264 chordas
1140 3192 1271 3266 sericas
1287 3217 1354 3292 pro

404 3308 585 3381 nobilibus
606 3308 866 3403 suspendendis
887 3308 1049 3380 trabibus
1066 3308 1262 3404 illigarunt,
1280 3332 1355 3380 non

405 3425 481 3497 sine
489 3424 700 3497 difficultate
711 3431 748 3495 et
758 3423 1045 3510 conflictuevasi‚
1054 3425 1269 3498 nuntiarunt
1278 3426 1355 3520 regi

405 3539 607 3636 periculum
634 3538 673 3610 in
700 3547 811 3635 caput
838 3562 947 3611 suum
973 3540 1230 3633 excogitatum,
1256 3539 1355 3621 unde

404 3656 444 3727 in
469 3656 556 3727 alias
582 3664 704 3750 partes
731 3655 882 3730 tutiores
910 3679 992 3751 rege
1023 3679 1062 3728 se
1091 3655 1353 3743 committente,

405 3770 547 3866 capitur
580 3771 641 3842 ille
675 3770 828 3844 Carolus
859 3773 903 3845 de
932 3769 1090 3855 Valesio,
1121 3778 1158 3841 et
1187 3771 1355 3863 quamvis

403 3909 487 3960 reus
508 3886 615 3980 regiae
637 3887 847 3982 majestatis,
873 3897 996 3959 tamen
1019 3891 1168 3979 propter
1188 3906 1355 3960 reveren-

404 4003 493 4077 tiam
510 4001 695 4097 sanguinis
718 4002 847 4096 regalis
870 4024 945 4073 non
966 3999 1037 4072 fnit
1058 4021 1267 4094 suspensor,
1286 4025 1355 4076 nec

405 4119 641 4216 decapitatus
669 4117 733 4190 sed
762 4116 838 4189 sine
868 4115 1100 4188 femoralibus
1129 4113 1229 4188 nudo
1259 4121 1354 4189 mar-

404 4236 498 4310 mori
532 4234 633 4334 aquis
667 4231 805 4328 frigidis
835 4254 999 4327 resperso
1033 4231 1177 4318 insedit,
1204 4231 1266 4304 ubi
1293 4232 1355 4306 fri·
