<?xml version="1.0" encoding="UTF-8"?>
<!DOCTYPE html PUBLIC "-//W3C//DTD XHTML 1.0 Transitional//EN"
    "http://www.w3.org/TR/xhtml1/DTD/xhtml1-transitional.dtd">
<html xmlns="http://www.w3.org/1999/xhtml" xml:lang="en" lang="en">
 <head>
  <title>
</title>
<meta http-equiv="Content-Type" content="text/html;charset=utf-8" />
  <meta name='ocr-system' content='tesseract 3.04.00' />
  <meta name='ocr-capabilities' content='ocr_page ocr_carea ocr_par ocr_line ocrx_word'/>
</head>
<body>
  <div class='ocr_page' id='page_1' title='image "./galfridilebaker00gilegoog_0237.png"; bbox 0 0 3110 5026; ppageno 0'>
   <div class='ocr_carea' id='block_1_1' title="bbox 250 591 1212 719">
    <p class='ocr_par' dir='ltr' id='par_1_1' title="bbox 250 591 1212 719">
     <span class='ocr_line' id='line_1_1' title="bbox 250 591 1212 719; baseline 0.005 -24"><span class='ocrx_word' id='word_1_1' title='bbox 250 625 460 719; x_wconf 72' lang='lat' dir='ltr'>n.o.l355.]</span> <span class='ocrx_word' id='word_1_2' title='bbox 500 649 545 698; x_wconf 79' lang='lat' dir='ltr'>nu</span> <span class='ocrx_word' id='word_1_3' title='bbox 566 647 694 699; x_wconf 76' lang='lat' dir='ltr'>annun</span> <span class='ocrx_word' id='word_1_4' title='bbox 713 649 760 698; x_wconf 83' lang='lat' dir='ltr'>nu</span> <span class='ocrx_word' id='word_1_5' title='bbox 781 645 1021 700; x_wconf 78' lang='lat' dir='ltr'>swrusuorm.</span> <span class='ocrx_word' id='word_1_6' title='bbox 1126 591 1212 700; x_wconf 63' lang='lat'>233&#39;</span> 
     </span>
    </p>
   </div>
   <div class='ocr_carea' id='block_1_2' title="bbox 172 773 1209 4354">
    <p class='ocr_par' dir='ltr' id='par_1_2' title="bbox 172 773 1209 4354">
     <span class='ocr_line' id='line_1_2' title="bbox 248 773 1201 876; baseline 0.002 -26"><span class='ocrx_word' id='word_1_7' title='bbox 248 776 424 873; x_wconf 81' lang='lat' dir='ltr'>praeconis</span> <span class='ocrx_word' id='word_1_8' title='bbox 449 779 660 876; x_wconf 88' lang='lat' dir='ltr'>principalis</span> <span class='ocrx_word' id='word_1_9' title='bbox 686 773 891 851; x_wconf 75' lang='lat' dir='ltr'>incensam:</span> <span class='ocrx_word' id='word_1_10' title='bbox 913 781 988 874; x_wconf 36' lang='lat' dir='ltr'>,per</span> <span class='ocrx_word' id='word_1_11' title='bbox 1009 778 1109 851; x_wconf 87' lang='lat' dir='ltr'><strong>illam</strong></span> <span class='ocrx_word' id='word_1_12' title='bbox 1128 779 1201 852; x_wconf 86' lang='lat' dir='ltr'>die-</span> 
     </span>
     <span class='ocr_line' id='line_1_3' title="bbox 249 893 1204 992; baseline 0.004 -28"><span class='ocrx_word' id='word_1_13' title='bbox 249 893 398 968; x_wconf 78' lang='lat' dir='ltr'>temet</span> <span class='ocrx_word' id='word_1_14' title='bbox 415 904 488 968; x_wconf 84' lang='lat' dir='ltr'>tres</span> <span class='ocrx_word' id='word_1_15' title='bbox 516 895 605 967; x_wconf 85' lang='lat' dir='ltr'>alias</span> <span class='ocrx_word' id='word_1_16' title='bbox 634 893 839 990; x_wconf 77' lang='lat' dir='ltr'>sequentes</span> <span class='ocrx_word' id='word_1_17' title='bbox 855 895 1074 967; x_wconf 82' lang='lat' dir='ltr'>transierunt</span> <span class='ocrx_word' id='word_1_18' title='bbox 1099 897 1204 992; x_wconf 84' lang='lat' dir='ltr'>juxta</span> 
     </span>
     <span class='ocr_line' id='line_1_4' title="bbox 249 1011 1201 1106; baseline 0.005 -25"><span class='ocrx_word' id='word_1_19' title='bbox 249 1011 363 1084; x_wconf 86' lang='lat' dir='ltr'>celsos</span> <span class='ocrx_word' id='word_1_20' title='bbox 389 1021 530 1084; x_wconf 87' lang='lat' dir='ltr'>montes</span> <span class='ocrx_word' id='word_1_21' title='bbox 556 1011 776 1106; x_wconf 85' lang='lat' dir='ltr'>Arragoniae.</span> <span class='ocrx_word' id='word_1_22' title='bbox 805 1090 806 1093; x_wconf 8' lang='grc' dir='ltr'><strong>Ἴ</strong></span> <span class='ocrx_word' id='word_1_23' title='bbox 830 1011 910 1082; x_wconf 86' lang='lat' dir='ltr'>Die</span> <span class='ocrx_word' id='word_1_24' title='bbox 927 1013 1066 1086; x_wconf 86' lang='lat' dir='ltr'>sabbati</span> <span class='ocrx_word' id='word_1_25' title='bbox 1093 1037 1201 1086; x_wconf 79' lang='lat' dir='ltr'>vene·</span> 
     </span>
     <span class='ocr_line' id='line_1_5' title="bbox 248 1124 1204 1224; baseline 0.002 -25"><span class='ocrx_word' id='word_1_26' title='bbox 248 1136 334 1200; x_wconf 88' lang='lat' dir='ltr'>runt</span> <span class='ocrx_word' id='word_1_27' title='bbox 357 1127 403 1200; x_wconf 93' lang='lat' dir='ltr'>ad</span> <span class='ocrx_word' id='word_1_28' title='bbox 427 1129 553 1200; x_wconf 87' lang='lat' dir='ltr'><strong>villam</strong></span> <span class='ocrx_word' id='word_1_29' title='bbox 577 1129 621 1200; x_wconf 90' lang='lat' dir='ltr'>de</span> <span class='ocrx_word' id='word_1_30' title='bbox 646 1127 748 1198; x_wconf 86' lang='lat' dir='ltr'>Seint</span> <span class='ocrx_word' id='word_1_31' title='bbox 770 1124 906 1213; x_wconf 85' lang='lat' dir='ltr'>Morre,</span> <span class='ocrx_word' id='word_1_32' title='bbox 924 1128 987 1200; x_wconf 92' lang='lat' dir='ltr'>ubi</span> <span class='ocrx_word' id='word_1_33' title='bbox 1013 1128 1052 1198; x_wconf 92' lang='lat' dir='ltr'>in</span> <span class='ocrx_word' id='word_1_34' title='bbox 1076 1124 1204 1224; x_wconf 71' lang='lat' dir='ltr'>&#39;grandi</span> 
     </span>
     <span class='ocr_line' id='line_1_6' title="bbox 249 1241 1204 1338; baseline 0.005 -26"><span class='ocrx_word' id='word_1_35' title='bbox 249 1243 469 1315; x_wconf 86' lang='lat' dir='ltr'>monasterio</span> <span class='ocrx_word' id='word_1_36' title='bbox 495 1243 683 1338; x_wconf 79' lang='lat' dir='ltr'>nigrorum</span> <span class='ocrx_word' id='word_1_37' title='bbox 708 1241 970 1314; x_wconf 86' lang='lat' dir='ltr'>monachorum</span> <span class='ocrx_word' id='word_1_38' title='bbox 992 1241 1204 1338; x_wconf 84' lang='lat' dir='ltr'>fugatorum</span> 
     </span>
     <span class='ocr_line' id='line_1_7' title="bbox 249 1355 1205 1454; baseline 0.004 -26"><span class='ocrx_word' id='word_1_39' title='bbox 249 1367 346 1430; x_wconf 89' lang='lat' dir='ltr'>retro</span> <span class='ocrx_word' id='word_1_40' title='bbox 370 1359 546 1445; x_wconf 87' lang='lat' dir='ltr'>custodia,</span> <span class='ocrx_word' id='word_1_41' title='bbox 569 1368 606 1430; x_wconf 88' lang='lat' dir='ltr'>et</span> <span class='ocrx_word' id='word_1_42' title='bbox 629 1357 725 1454; x_wconf 91' lang='lat' dir='ltr'>apud</span> <span class='ocrx_word' id='word_1_43' title='bbox 747 1356 996 1430; x_wconf 87' lang='lat' dir='ltr'>Villefraunke</span> <span class='ocrx_word' id='word_1_44' title='bbox 1020 1360 1149 1445; x_wconf 77' lang='lat' dir='ltr'>media,</span> <span class='ocrx_word' id='word_1_45' title='bbox 1168 1355 1205 1432; x_wconf 84' lang='lat' dir='ltr'>ct</span> 
     </span>
     <span class='ocr_line' id='line_1_8' title="bbox 250 1473 1205 1571; baseline 0.002 -27"><span class='ocrx_word' id='word_1_46' title='bbox 250 1474 348 1568; x_wconf 89' lang='lat' dir='ltr'>apud</span> <span class='ocrx_word' id='word_1_47' title='bbox 370 1473 557 1570; x_wconf 77' lang='lat' dir='ltr'>Turma&#39;yn</span> <span class='ocrx_word' id='word_1_48' title='bbox 581 1473 700 1571; x_wconf 90' lang='lat' dir='ltr'>prima</span> <span class='ocrx_word' id='word_1_49' title='bbox 725 1473 890 1546; x_wconf 88' lang='lat' dir='ltr'>custodia</span> <span class='ocrx_word' id='word_1_50' title='bbox 912 1473 1061 1546; x_wconf 87' lang='lat' dir='ltr'>fuerunt</span> <span class='ocrx_word' id='word_1_51' title='bbox 1082 1474 1205 1571; x_wconf 84' lang='lat' dir='ltr'>hospi-</span> 
     </span>
     <span class='ocr_line' id='line_1_9' title="bbox 218 1589 1204 1686; baseline -0.005 -19"><span class='ocrx_word' id='word_1_52' title='bbox 218 1657 223 1667; x_wconf 61' lang='lat'><em>„</em></span> <span class='ocrx_word' id='word_1_53' title='bbox 250 1594 346 1676; x_wconf 76' lang='lat' dir='ltr'>tatae,</span> <span class='ocrx_word' id='word_1_54' title='bbox 377 1591 481 1663; x_wconf 87' lang='lat' dir='ltr'>villas</span> <span class='ocrx_word' id='word_1_55' title='bbox 512 1589 658 1686; x_wconf 89' lang='lat' dir='ltr'>quidem</span> <span class='ocrx_word' id='word_1_56' title='bbox 690 1590 882 1685; x_wconf 85' lang='lat' dir='ltr'>opulentas</span> <span class='ocrx_word' id='word_1_57' title='bbox 917 1597 952 1662; x_wconf 87' lang='lat' dir='ltr'>et</span> <span class='ocrx_word' id='word_1_58' title='bbox 986 1591 1204 1664; x_wconf 83' lang='lat' dir='ltr'><strong>victualibus</strong></span> 
     </span>
     <span class='ocr_line' id='line_1_10' title="bbox 250 1705 1204 1800; baseline 0.002 -23"><span class='ocrx_word' id='word_1_59' title='bbox 250 1705 409 1792; x_wconf 71' lang='lat' dir='ltr'>refertas</span> <span class='ocrx_word' id='word_1_60' title='bbox 442 1707 504 1778; x_wconf 86' lang='lat' dir='ltr'>sed</span> <span class='ocrx_word' id='word_1_61' title='bbox 530 1706 662 1778; x_wconf 84' lang='lat' dir='ltr'>incolis</span> <span class='ocrx_word' id='word_1_62' title='bbox 693 1705 855 1800; x_wconf 85' lang='lat' dir='ltr'>fugitivis</span> <span class='ocrx_word' id='word_1_63' title='bbox 886 1705 1075 1779; x_wconf 82' lang='lat' dir='ltr'>desolatas.</span> <span class='ocrx_word' id='word_1_64' title='bbox 1128 1705 1204 1779; x_wconf 92' lang='lat' dir='ltr'>Do-</span> 
     </span>
     <span class='ocr_line' id='line_1_11' title="bbox 249 1820 1204 1919; baseline 0.003 -27"><span class='ocrx_word' id='word_1_65' title='bbox 249 1822 383 1894; x_wconf 87' lang='lat' dir='ltr'>minica</span> <span class='ocrx_word' id='word_1_66' title='bbox 400 1831 539 1918; x_wconf 84' lang='lat' dir='ltr'>quarta,</span> <span class='ocrx_word' id='word_1_67' title='bbox 559 1823 616 1896; x_wconf 91' lang='lat' dir='ltr'>die</span> <span class='ocrx_word' id='word_1_68' title='bbox 634 1829 844 1894; x_wconf 85' lang='lat' dir='ltr'>sanctorum</span> <span class='ocrx_word' id='word_1_69' title='bbox 862 1820 1022 1919; x_wconf 87' lang='lat' dir='ltr'>Crispini</span> <span class='ocrx_word' id='word_1_70' title='bbox 1046 1829 1083 1894; x_wconf 88' lang='lat' dir='ltr'>et</span> <span class='ocrx_word' id='word_1_71' title='bbox 1105 1821 1204 1896; x_wconf 87' lang='lat' dir='ltr'>Cris-</span> 
     </span>
     <span class='ocr_line' id='line_1_12' title="bbox 249 1934 1205 2030; baseline 0.004 -25"><span class='ocrx_word' id='word_1_72' title='bbox 249 1934 398 2030; x_wconf 85' lang='lat' dir='ltr'>piniani,</span> <span class='ocrx_word' id='word_1_73' title='bbox 419 1935 847 2030; x_wconf 80' lang='lat' dir='ltr'>transieruntquoddam</span> <span class='ocrx_word' id='word_1_74' title='bbox 870 1935 1006 2007; x_wconf 88' lang='lat' dir='ltr'>vadum</span> <span class='ocrx_word' id='word_1_75' title='bbox 1030 1936 1069 2007; x_wconf 91' lang='lat' dir='ltr'>in</span> <span class='ocrx_word' id='word_1_76' title='bbox 1092 1945 1205 2009; x_wconf 88' lang='lat' dir='ltr'>terras</span> 
     </span>
     <span class='ocr_line' id='line_1_13' title="bbox 251 2051 1206 2151; baseline 0.005 -29"><span class='ocrx_word' id='word_1_77' title='bbox 251 2051 392 2124; x_wconf 89' lang='lat' dir='ltr'>comitis</span> <span class='ocrx_word' id='word_1_78' title='bbox 416 2053 461 2124; x_wconf 89' lang='lat' dir='ltr'>de</span> <span class='ocrx_word' id='word_1_79' title='bbox 485 2051 681 2147; x_wconf 86' lang='lat' dir='ltr'>Comenge,</span> <span class='ocrx_word' id='word_1_80' title='bbox 701 2075 780 2146; x_wconf 88' lang='lat' dir='ltr'>quae</span> <span class='ocrx_word' id='word_1_81' title='bbox 805 2051 1067 2151; x_wconf 80' lang='lat' dir='ltr'>extendebatur</span> <span class='ocrx_word' id='word_1_82' title='bbox 1090 2078 1206 2151; x_wconf 88' lang='lat' dir='ltr'>usque</span> 
     </span>
     <span class='ocr_line' id='line_1_14' title="bbox 249 2165 1207 2266; baseline 0.007 -30"><span class='ocrx_word' id='word_1_83' title='bbox 249 2165 432 2252; x_wconf 85' lang='lat' dir='ltr'><strong>Tolosam,</strong></span> <span class='ocrx_word' id='word_1_84' title='bbox 455 2167 518 2238; x_wconf 91' lang='lat' dir='ltr'>sed</span> <span class='ocrx_word' id='word_1_85' title='bbox 541 2167 689 2239; x_wconf 88' lang='lat' dir='ltr'>fuerunt</span> <span class='ocrx_word' id='word_1_86' title='bbox 711 2167 855 2262; x_wconf 82' lang='lat' dir='ltr'>ignibus</span> <span class='ocrx_word' id='word_1_87' title='bbox 879 2176 916 2238; x_wconf 89' lang='lat' dir='ltr'>et</span> <span class='ocrx_word' id='word_1_88' title='bbox 939 2169 1057 2262; x_wconf 86' lang='lat' dir='ltr'>gladio</span> <span class='ocrx_word' id='word_1_89' title='bbox 1081 2169 1207 2266; x_wconf 86' lang='lat' dir='ltr'>depas-</span> 
     </span>
     <span class='ocr_line' id='line_1_15' title="bbox 251 2281 1207 2368; baseline 0.002 -13"><span class='ocrx_word' id='word_1_90' title='bbox 251 2291 308 2368; x_wconf 81' lang='lat' dir='ltr'>tae,</span> <span class='ocrx_word' id='word_1_91' title='bbox 328 2292 365 2354; x_wconf 85' lang='lat' dir='ltr'>et</span> <span class='ocrx_word' id='word_1_92' title='bbox 385 2292 474 2353; x_wconf 91' lang='lat' dir='ltr'>tunc</span> <span class='ocrx_word' id='word_1_93' title='bbox 493 2281 707 2352; x_wconf 89' lang='lat' dir='ltr'>dimiserunt</span> <span class='ocrx_word' id='word_1_94' title='bbox 724 2305 746 2352; x_wconf 91' lang='lat' dir='ltr'>a</span> <span class='ocrx_word' id='word_1_95' title='bbox 763 2281 920 2352; x_wconf 87' lang='lat' dir='ltr'>sinistris</span> <span class='ocrx_word' id='word_1_96' title='bbox 937 2282 1022 2353; x_wconf 91' lang='lat' dir='ltr'>ville</span> <span class='ocrx_word' id='word_1_97' title='bbox 1038 2294 1207 2356; x_wconf 85' lang='lat' dir='ltr'>vocatam</span> 
     </span>
     <span class='ocr_line' id='line_1_16' title="bbox 252 2393 1208 2493; baseline 0 -23"><span class='ocrx_word' id='word_1_98' title='bbox 252 2398 449 2471; x_wconf 87' lang='lat' dir='ltr'>Saunetere</span> <span class='ocrx_word' id='word_1_99' title='bbox 480 2420 526 2467; x_wconf 88' lang='lat' dir='ltr'>en</span> <span class='ocrx_word' id='word_1_100' title='bbox 553 2393 748 2481; x_wconf 86' lang='lat' dir='ltr'>Asturake,</span> <span class='ocrx_word' id='word_1_101' title='bbox 778 2404 815 2466; x_wconf 89' lang='lat' dir='ltr'>et</span> <span class='ocrx_word' id='word_1_102' title='bbox 849 2397 1070 2479; x_wconf 87' lang='lat' dir='ltr'>transierunt</span> <span class='ocrx_word' id='word_1_103' title='bbox 1101 2398 1208 2493; x_wconf 88' lang='lat' dir='ltr'>juxta</span> 
     </span>
     <span class='ocr_line' id='line_1_17' title="bbox 250 2509 1207 2608; baseline 0 -22"><span class='ocrx_word' id='word_1_104' title='bbox 250 2514 382 2586; x_wconf 89' lang='lat' dir='ltr'>fortem</span> <span class='ocrx_word' id='word_1_105' title='bbox 417 2511 601 2584; x_wconf 82' lang='lat' dir='ltr'>civitatem</span> <span class='ocrx_word' id='word_1_106' title='bbox 635 2519 803 2583; x_wconf 88' lang='lat' dir='ltr'>vocatam</span> <span class='ocrx_word' id='word_1_107' title='bbox 817 2533 820 2538; x_wconf 89' lang='lat'>·</span> <span class='ocrx_word' id='word_1_108' title='bbox 834 2509 1028 2608; x_wconf 86' lang='lat' dir='ltr'>Wynbers,</span> <span class='ocrx_word' id='word_1_109' title='bbox 1058 2513 1122 2585; x_wconf 94' lang='lat' dir='ltr'>ubi</span> <span class='ocrx_word' id='word_1_110' title='bbox 1153 2538 1207 2586; x_wconf 91' lang='lat' dir='ltr'>se-</span> 
     </span>
     <span class='ocr_line' id='line_1_18' title="bbox 251 2626 1203 2726; baseline 0 -24"><span class='ocrx_word' id='word_1_111' title='bbox 251 2631 360 2702; x_wconf 90' lang='lat' dir='ltr'>motis</span> <span class='ocrx_word' id='word_1_112' title='bbox 390 2629 502 2725; x_wconf 87' lang='lat' dir='ltr'>nigris</span> <span class='ocrx_word' id='word_1_113' title='bbox 536 2627 735 2714; x_wconf 79' lang='lat' dir='ltr'>monachia,</span> <span class='ocrx_word' id='word_1_114' title='bbox 760 2626 928 2700; x_wconf 68' lang='lat' dir='ltr'>&#39;Joannes</span> <span class='ocrx_word' id='word_1_115' title='bbox 962 2652 1058 2726; x_wconf 89' lang='lat' dir='ltr'>papa</span> <span class='ocrx_word' id='word_1_116' title='bbox 1091 2629 1203 2702; x_wconf 94' lang='lat' dir='ltr'>XXII</span> 
     </span>
     <span class='ocr_line' id='line_1_19' title="bbox 251 2743 1206 2843; baseline 0.001 -25"><span class='ocrx_word' id='word_1_117' title='bbox 251 2746 500 2843; x_wconf 90' lang='lat' dir='ltr'>episcopalem</span> <span class='ocrx_word' id='word_1_118' title='bbox 520 2744 712 2830; x_wconf 86' lang='lat' dir='ltr'>ordinavit,</span> <span class='ocrx_word' id='word_1_119' title='bbox 732 2752 767 2816; x_wconf 90' lang='lat' dir='ltr'>et</span> <span class='ocrx_word' id='word_1_120' title='bbox 793 2743 942 2817; x_wconf 88' lang='lat' dir='ltr'>fuerunt</span> <span class='ocrx_word' id='word_1_121' title='bbox 966 2745 1141 2842; x_wconf 88' lang='lat' dir='ltr'>hospitati</span> <span class='ocrx_word' id='word_1_122' title='bbox 1167 2748 1206 2819; x_wconf 93' lang='lat' dir='ltr'>in</span> 
     </span>
     <span class='ocr_line' id='line_1_20' title="bbox 252 2859 1206 2958; baseline 0.002 -25"><span class='ocrx_word' id='word_1_123' title='bbox 252 2886 383 2958; x_wconf 86' lang='lat' dir='ltr'>magna</span> <span class='ocrx_word' id='word_1_124' title='bbox 405 2871 442 2934; x_wconf 90' lang='lat' dir='ltr'>et</span> <span class='ocrx_word' id='word_1_125' title='bbox 466 2861 577 2934; x_wconf 88' lang='lat' dir='ltr'>divite</span> <span class='ocrx_word' id='word_1_126' title='bbox 597 2861 683 2932; x_wconf 87' lang='lat' dir='ltr'><strong>villa</strong></span> <span class='ocrx_word' id='word_1_127' title='bbox 702 2869 833 2933; x_wconf 88' lang='lat' dir='ltr'>vocata</span> <span class='ocrx_word' id='word_1_128' title='bbox 851 2859 1043 2947; x_wconf 86' lang='lat' dir='ltr'>Socamon,</span> <span class='ocrx_word' id='word_1_129' title='bbox 1062 2861 1206 2935; x_wconf 84' lang='lat' dir='ltr'>comitis</span> 
     </span>
     <span class='ocr_line' id='line_1_21' title="bbox 252 2975 1205 3072; baseline 0.003 -24"><span class='ocrx_word' id='word_1_130' title='bbox 252 2978 297 3049; x_wconf 91' lang='lat' dir='ltr'>de</span> <span class='ocrx_word' id='word_1_131' title='bbox 323 2975 521 3072; x_wconf 86' lang='lat' dir='ltr'>Comenge,</span> <span class='ocrx_word' id='word_1_132' title='bbox 543 2977 607 3048; x_wconf 91' lang='lat' dir='ltr'>ubi</span> <span class='ocrx_word' id='word_1_133' title='bbox 632 2976 751 3049; x_wconf 87' lang='lat' dir='ltr'>fuerat</span> <span class='ocrx_word' id='word_1_134' title='bbox 775 2985 977 3050; x_wconf 85' lang='lat' dir='ltr'>conventus</span> <span class='ocrx_word' id='word_1_135' title='bbox 1004 2977 1205 3066; x_wconf 91' lang='lat' dir='ltr'>Minorum,</span> 
     </span>
     <span class='ocr_line' id='line_1_22' title="bbox 253 3090 1208 3190; baseline 0.001 -25"><span class='ocrx_word' id='word_1_136' title='bbox 253 3094 316 3166; x_wconf 86' lang='lat' dir='ltr'>sed</span> <span class='ocrx_word' id='word_1_137' title='bbox 351 3117 435 3164; x_wconf 92' lang='lat' dir='ltr'>cum</span> <span class='ocrx_word' id='word_1_138' title='bbox 471 3091 556 3164; x_wconf 87' lang='lat' dir='ltr'><strong>villa</strong></span> <span class='ocrx_word' id='word_1_139' title='bbox 589 3092 821 3165; x_wconf 76' lang='lat' dir='ltr'>incrematus</span> <span class='ocrx_word' id='word_1_140' title='bbox 891 3090 961 3163; x_wconf 89' lang='lat' dir='ltr'>Die</span> <span class='ocrx_word' id='word_1_141' title='bbox 995 3090 1119 3164; x_wconf 86' lang='lat' dir='ltr'>Lunae¹</span> <span class='ocrx_word' id='word_1_142' title='bbox 1142 3119 1208 3190; x_wconf 89' lang='lat' dir='ltr'>per</span> 
     </span>
     <span class='ocr_line' id='line_1_23' title="bbox 251 3208 1206 3307; baseline 0 -26"><span class='ocrx_word' id='word_1_143' title='bbox 251 3209 408 3307; x_wconf 87' lang='lat' dir='ltr'>patriam</span> <span class='ocrx_word' id='word_1_144' title='bbox 435 3208 606 3304; x_wconf 82' lang='lat' dir='ltr'><strong>amplam,</strong></span> <span class='ocrx_word' id='word_1_145' title='bbox 634 3208 791 3302; x_wconf 85' lang='lat' dir='ltr'><strong>planam,</strong></span> <span class='ocrx_word' id='word_1_146' title='bbox 819 3216 855 3280; x_wconf 88' lang='lat' dir='ltr'>et</span> <span class='ocrx_word' id='word_1_147' title='bbox 882 3208 1047 3303; x_wconf 90' lang='lat' dir='ltr'>pulcram</span> <span class='ocrx_word' id='word_1_148' title='bbox 1077 3209 1206 3304; x_wconf 78' lang='lat' dir='ltr'>transi-</span> 
     </span>
     <span class='ocr_line' id='line_1_24' title="bbox 253 3322 1207 3420; baseline 0.003 -22"><span class='ocrx_word' id='word_1_149' title='bbox 253 3336 360 3398; x_wconf 90' lang='lat' dir='ltr'>erunt</span> <span class='ocrx_word' id='word_1_150' title='bbox 386 3326 512 3398; x_wconf 85' lang='lat' dir='ltr'><strong>villam</strong></span> <span class='ocrx_word' id='word_1_151' title='bbox 539 3325 583 3396; x_wconf 91' lang='lat' dir='ltr'>de</span> <span class='ocrx_word' id='word_1_152' title='bbox 612 3324 714 3396; x_wconf 87' lang='lat' dir='ltr'>Seint</span> <span class='ocrx_word' id='word_1_153' title='bbox 744 3322 853 3420; x_wconf 87' lang='lat' dir='ltr'>Foyc,</span> <span class='ocrx_word' id='word_1_154' title='bbox 881 3347 999 3420; x_wconf 89' lang='lat' dir='ltr'>usque</span> <span class='ocrx_word' id='word_1_155' title='bbox 1028 3326 1074 3398; x_wconf 87' lang='lat' dir='ltr'>ad</span> <span class='ocrx_word' id='word_1_156' title='bbox 1105 3325 1207 3401; x_wconf 87' lang='lat' dir='ltr'>Seint</span> 
     </span>
     <span class='ocr_line' id='line_1_25' title="bbox 253 3441 1208 3536; baseline 0.002 -24"><span class='ocrx_word' id='word_1_157' title='bbox 253 3443 346 3514; x_wconf 83' lang='lat' dir='ltr'>Litz.</span> <span class='ocrx_word' id='word_1_158' title='bbox 399 3441 469 3513; x_wconf 89' lang='lat' dir='ltr'>Die</span> <span class='ocrx_word' id='word_1_159' title='bbox 491 3441 624 3514; x_wconf 88' lang='lat' dir='ltr'>Martis</span> <span class='ocrx_word' id='word_1_160' title='bbox 648 3441 874 3536; x_wconf 91' lang='lat' dir='ltr'>quieverunt,</span> <span class='ocrx_word' id='word_1_161' title='bbox 893 3451 930 3514; x_wconf 90' lang='lat' dir='ltr'>et</span> <span class='ocrx_word' id='word_1_162' title='bbox 953 3442 1010 3514; x_wconf 87' lang='lat' dir='ltr'>die</span> <span class='ocrx_word' id='word_1_163' title='bbox 1033 3441 1208 3514; x_wconf 86' lang='lat' dir='ltr'>Mercurii</span> 
     </span>
     <span class='ocr_line' id='line_1_26' title="bbox 254 3557 1208 3652; baseline 0.003 -23"><span class='ocrx_word' id='word_1_164' title='bbox 254 3566 438 3652; x_wconf 88' lang='lat' dir='ltr'>sequente,</span> <span class='ocrx_word' id='word_1_165' title='bbox 464 3557 600 3629; x_wconf 88' lang='lat' dir='ltr'>scilicet</span> <span class='ocrx_word' id='word_1_166' title='bbox 629 3559 722 3629; x_wconf 88' lang='lat' dir='ltr'>festo</span> <span class='ocrx_word' id='word_1_167' title='bbox 750 3567 958 3630; x_wconf 86' lang='lat' dir='ltr'>sanctorum</span> <span class='ocrx_word' id='word_1_168' title='bbox 986 3557 1143 3632; x_wconf 88' lang='lat' dir='ltr'>Simonis</span> <span class='ocrx_word' id='word_1_169' title='bbox 1172 3568 1208 3632; x_wconf 86' lang='lat' dir='ltr'>et</span> 
     </span>
     <span class='ocr_line' id='line_1_27' title="bbox 252 3658 1207 3770; baseline 0.001 -22"><span class='ocrx_word' id='word_1_170' title='bbox 252 3675 372 3761; x_wconf 91' lang='lat' dir='ltr'>Judae,</span> <span class='ocrx_word' id='word_1_171' title='bbox 409 3675 587 3746; x_wconf 82' lang='lat' dir='ltr'>exercitus</span> <span class='ocrx_word' id='word_1_172' title='bbox 622 3675 856 3747; x_wconf 89' lang='lat' dir='ltr'>transmeavit</span> <span class='ocrx_word' id='word_1_173' title='bbox 890 3699 1021 3770; x_wconf 88' lang='lat' dir='ltr'>aquam</span> <span class='ocrx_word' id='word_1_174' title='bbox 1053 3677 1099 3748; x_wconf 91' lang='lat' dir='ltr'>de</span> <span class='ocrx_word' id='word_1_175' title='bbox 1129 3658 1207 3750; x_wconf 32' lang='lat' dir='ltr'>&#39;Ge-</span> 
     </span>
     <span class='ocr_line' id='line_1_28' title="bbox 172 3790 1209 3886; baseline -0.001 -21"><span class='ocrx_word' id='word_1_176' title='bbox 172 3835 174 3841; x_wconf 41' lang='grc'>’</span> <span class='ocrx_word' id='word_1_177' title='bbox 254 3793 378 3877; x_wconf 83' lang='lat' dir='ltr'>raude,</span> <span class='ocrx_word' id='word_1_178' title='bbox 410 3790 574 3886; x_wconf 86' lang='lat' dir='ltr'>rigidam,</span> <span class='ocrx_word' id='word_1_179' title='bbox 604 3799 802 3886; x_wconf 89' lang='lat' dir='ltr'>petrosam,</span> <span class='ocrx_word' id='word_1_180' title='bbox 831 3800 868 3863; x_wconf 89' lang='lat' dir='ltr'>et</span> <span class='ocrx_word' id='word_1_181' title='bbox 897 3791 1108 3864; x_wconf 87' lang='lat' dir='ltr'>mirabiliter</span> <span class='ocrx_word' id='word_1_182' title='bbox 1139 3802 1209 3864; x_wconf 85' lang='lat' dir='ltr'>ter·</span> 
     </span>
     <span class='ocr_line' id='line_1_29' title="bbox 247 3907 1208 4003; baseline -0.001 -22"><span class='ocrx_word' id='word_1_183' title='bbox 247 3909 418 3995; x_wconf 49' lang='lat' dir='ltr'>,ribilem3</span> <span class='ocrx_word' id='word_1_184' title='bbox 463 3917 499 3982; x_wconf 90' lang='lat' dir='ltr'>et</span> <span class='ocrx_word' id='word_1_185' title='bbox 542 3907 675 3979; x_wconf 88' lang='lat' dir='ltr'>iterum</span> <span class='ocrx_word' id='word_1_186' title='bbox 716 3907 844 3979; x_wconf 90' lang='lat' dir='ltr'>eodem</span> <span class='ocrx_word' id='word_1_187' title='bbox 887 3907 944 3979; x_wconf 88' lang='lat' dir='ltr'>die</span> <span class='ocrx_word' id='word_1_188' title='bbox 978 3907 1124 4003; x_wconf 90' lang='lat' dir='ltr'>Aquam</span> <span class='ocrx_word' id='word_1_189' title='bbox 1163 3909 1208 3980; x_wconf 85' lang='lat' dir='ltr'>d&#39;e</span> 
     </span>
     <span class='ocr_line' id='line_1_30' title="bbox 255 4021 1208 4119; baseline 0.002 -25"><span class='ocrx_word' id='word_1_190' title='bbox 255 4024 385 4119; x_wconf 84' lang='lat' dir='ltr'>Arage,</span> <span class='ocrx_word' id='word_1_191' title='bbox 414 4023 476 4094; x_wconf 90' lang='lat' dir='ltr'>illa</span> <span class='ocrx_word' id='word_1_192' title='bbox 505 4021 550 4094; x_wconf 91' lang='lat' dir='ltr'>de</span> <span class='ocrx_word' id='word_1_193' title='bbox 579 4021 749 4095; x_wconf 88' lang='lat' dir='ltr'>Geroude</span> <span class='ocrx_word' id='word_1_194' title='bbox 779 4023 862 4119; x_wconf 90' lang='lat' dir='ltr'>plus</span> <span class='ocrx_word' id='word_1_195' title='bbox 889 4023 1142 4118; x_wconf 87' lang='lat' dir='ltr'>periculosam,</span> <span class='ocrx_word' id='word_1_196' title='bbox 1172 4033 1208 4097; x_wconf 86' lang='lat' dir='ltr'>et</span> 
     </span>
     <span class='ocr_line' id='line_1_31' title="bbox 255 4139 1208 4244; baseline 0.004 -34"><span class='ocrx_word' id='word_1_197' title='bbox 255 4139 517 4212; x_wconf 88' lang='lat' dir='ltr'>descenderunt</span> <span class='ocrx_word' id='word_1_198' title='bbox 551 4141 597 4212; x_wconf 90' lang='lat' dir='ltr'>ad</span> <span class='ocrx_word' id='word_1_199' title='bbox 630 4139 812 4213; x_wconf 89' lang='lat' dir='ltr'>Tolosam.</span> <span class='ocrx_word' id='word_1_200' title='bbox 869 4140 1063 4244; x_wconf 64' lang='lat' dir='ltr'>Praedictas</span> <span class='ocrx_word' id='word_1_201' title='bbox 1098 4165 1208 4236; x_wconf 87' lang='lat' dir='ltr'>aquas</span> 
     </span>
     <span class='ocr_line' id='line_1_32' title="bbox 256 4256 1207 4354; baseline 0.003 -27"><span class='ocrx_word' id='word_1_202' title='bbox 256 4280 442 4352; x_wconf 89' lang='lat' dir='ltr'>nunquam</span> <span class='ocrx_word' id='word_1_203' title='bbox 471 4256 599 4352; x_wconf 90' lang='lat' dir='ltr'>aliquis</span> <span class='ocrx_word' id='word_1_204' title='bbox 628 4267 742 4354; x_wconf 85' lang='lat' dir='ltr'>equus</span> <span class='ocrx_word' id='word_1_205' title='bbox 773 4266 878 4338; x_wconf 87' lang='lat' dir='ltr'>antea</span> <span class='ocrx_word' id='word_1_206' title='bbox 908 4257 1085 4343; x_wconf 82' lang='lat' dir='ltr'>transivit,</span> <span class='ocrx_word' id='word_1_207' title='bbox 1112 4259 1207 4330; x_wconf 92' lang='lat' dir='ltr'>unde</span> 
     </span>
    </p>
   </div>
   <div class='ocr_carea' id='block_1_3' title="bbox 0 0 1569 5026">
    <p class='ocr_par' dir='ltr' id='par_1_3' title="bbox 0 0 1569 5026">
     <span class='ocr_line' id='line_1_33' title="bbox 0 0 1569 5026; baseline 0 0"><span class='ocrx_word' id='word_1_208' title='bbox 0 0 1569 5026; x_wconf 95' lang='lat' dir='ltr'> </span> 
     </span>
    </p>
   </div>
  </div>
 </body>
</html>
