3110 5026
267 666 345 714 An.
364 645 489 736 1355]
545 669 590 716 nn
611 667 738 716 norun
758 667 805 716 nn
825 668 1064 718 swrrnnonn.
1148 649 1222 720 243

267 795 351 867 ciuis
374 803 411 867 et
433 795 550 891 captis
570 793 755 867 nonnullis
779 794 818 865 in
840 795 1089 890 persequendo
1106 818 1222 891 usque

266 909 439 998 Gemont‚
461 911 512 984 ita
532 911 631 1007 quod
654 911 773 983 media
794 911 962 984 custodia
983 910 1082 1007 apud
1104 910 1220 985 Aure-

263 1037 368 1107 mont
393 1028 576 1124 hospitata
591 1053 666 1100 non
682 1028 787 1114 bene,
806 1028 923 1123 prima
939 1028 1105 1101 custodia
1122 1030 1220 1125 apud
1296 1079 1299 1086 -

264 1142 470 1240 Oelymont,
507 1169 658 1240 parvam
689 1145 815 1216 villam
856 1146 901 1217 ab
944 1145 1109 1218 hostibus
1142 1171 1218 1220 uno

263 1261 409 1333 milliari
443 1261 651 1348 distantem,
689 1261 927 1357 pernoctavit.
985 1261 1110 1352 Mane
1142 1263 1227 1336 diei

262 1376 381 1449 sancti
411 1377 621 1464 Clementis,
652 1379 763 1472 jussis
797 1377 943 1472 bigariis
972 1387 1010 1450 et
1038 1377 1218 1453 officiariis

263 1516 448 1565 remanere
477 1494 516 1566 in
545 1493 632 1566 villu
658 1495 703 1566 de
730 1493 948 1580 Auremont,
978 1494 1099 1566 caeteri
1125 1518 1217 1589 pug-

262 1617 390 1682 nantes
413 1610 452 1682 in
474 1611 642 1684 cohortes
667 1610 773 1682 divisi
795 1609 980 1683 hostes·in
1002 1635 1133 1706 campo
1154 1634 1216 1683 ex-

261 1729 467 1822 pectarunt,
495 1729 576 1800 ¹sed
623 1728 821 1814 incassum,
866 1752 998 1824 nempe
1046 1727 1216 1801 dominus

260 1843 431 1940 princeps
461 1845 590 1918 vviliam
619 1846 664 1917 de
696 1843 860 1941 Gymont
891 1845 1148 1940 discooperuit,
1180 1855 1217 1916 et

260 1959 398 2052 invenit
431 1963 532 2058 quod
560 1961 693 2035 hostes
729 1962 826 2035 circa
867 1963 1027 2035 mediam
1068 1970 1216 2034 noctem

259 2077 489 2173 aufugerunt,
528 2078 582 2152 ita
617 2079 719 2176 ⁴quod
760 2079 987 2176 respectione
1030 2102 1216 2151 armorum

259 2189 402 2266 fuerant
432 2193 655 2278 disconfecti,
686 2191 888 2288 praesertim
917 2219 1032 2289 quum
1061 2196 1120 2267 sni
1154 2195 1216 2266 ad-

242 2309 420 2402 ¹versarii,
465 2309 603 2380 scilicet
637 2308 794 2402 Anglici,
838 2309 937 2404 ipsos
980 2332 1045 2404 per
1087 2310 1217 2382 itinera

258 2427 368 2520 longe
389 2433 425 2496 et
445 2425 541 2497 mala
558 2424 621 2496 diu
637 2424 808 2518 quaesitos
830 2433 867 2496 et
890 2425 1026 2520 pluries
1051 2448 1072 2495 e
1094 2425 1216 2498 vicino

260 2548 422 2638 repertos
464 2541 543 2613 solo
585 2549 722 2613 terrore
765 2539 952 2636 profectus
997 2538 1213 2636 fugaverint.

260 2654 330 2729 Die
355 2656 488 2732 Martis
516 2664 610 2753 post.
624 2659 778 2752 longum
803 2655 873 2728 iter
899 2657 938 2727 in
965 2656 1105 2752 campis
1131 2655 1216 2729 hos·

259 2774 376 2868 pitati,
404 2775 502 2870 quod
529 2773 673 2846 defectu
699 2796 877 2869 aquarum
902 2781 1078 2868 potarunt
1102 2795 1216 2867 equos

259 2888 358 2974 vino,
385 2889 483 2962 unde
513 2889 550 2961 in
578 2889 737 2970 crastino
764 2889 917 2962 debriati
945 2911 1020 2961 non
1046 2896 1217 2984 poterant

260 3014 377 3075 recto*
395 3027 506 3099 passu
532 3005 711 3092 incedere,
744 3013 781 3078 et
814 3003 921 3078 multi
944 3028 1003 3076 ex
1036 3003 1088 3076 eis
1121 3003 1215 3098 peri-

259 3129 378 3193 erunt.
441 3118 512 3192 Die
546 3101 680 3194 sanctie
714 3120 920 3194 Catharinae
953 3144 1038 3192 cum
1073 3119 1214 3192 distric-

259 3237 359 3310 tione
376 3261 519 3333 magna
547 3237 800 3333 praeterierunt
830 3260 973 3332 aquam,
1000 3235 1063 3308 ubi
1094 3259 1214 3332 spera-

258 3353 346 3427 bant
369 3353 525 3426 inimicis
549 3353 707 3440 obviare,
726 3361 763 3425 et
780 3353 1010 3428 ,dimittentes
1035 3377 1057 3424 a
1078 3353 1215 3426 dextris

258 3469 385 3540 villam
413 3469 611 3541 Florenciae
639 3478 832 3555 muratam,
861 3469 1056 3564 aliquando
1085 3466 1214 3563 Angli-

258 3608 356 3671 cam.
380 3583 600 3658 transierunt
630 3583 805 3679 grandem
834 3583 958 3656 villam
988 3584 1032 3656 de
1063 3581 1215 3670 Silarde,

258 3709 295 3774 et
324 3699 443 3774 media
473 3699 638 3776 custodia
667 3699 738 3774 fuit
766 3698 952 3795 hospitata
981 3700 1078 3796 apud
1110 3698 1215 3795 oppi-

259 3818 347 3892 dum
382 3817 427 3889 de
461 3815 655 3890 Reeimont
687 3815 865 3888 violenter
894 3815 1148 3911 conquisitum,
1178 3823 1215 3888 et

258 3934 339 4008 ideo
373 3934 616 4011 combustum.
678 3931 749 4004 Die
777 3931 882 4004 Jovis
916 3931 1212 4027 perendinatunt,

257 4059 296 4122 et
337 4059 465 4147 captus
508 4049 686 4122 errantius
724 4070 922 4134 armorum,
955 4045 1083 4120 retulit
1116 4047 1215 4142 quod

258 4163 353 4236 inter
379 4166 689 4245 constabtdnrium
721 4164 945 4239 Francorum
975 4172 1012 4238 et
1041 4163 1215 4236 comitem
1331 4185 1333 4189 ’

258 4279 549 4356 Aminiacensem
591 4283 636 4356 lis
679 4307 754 4356 non
796 4282 938 4356 modica
971 4281 1047 4356 fuit·
1075 4289 1212 4368 exorta,

702 4401 768 4475 02
