3110 5026
244 653 453 744 arrasa]
499 676 544 724 nn
562 675 694 724 sanna
714 674 761 723 nn
781 674 1023 726 swrusnorrn.
1126 657 1200 730 215

243 803 490 877 conludentes.
540 801 681 875 Deinde
702 811 830 876 contra
852 804 1018 878 dominas
1035 814 1073 878 et
1090 831 1199 902 quos.

242 920 326 993 dam
351 921 484 994 milites
510 920 742 1008 dormientes,
761 944 922 994 cameras
946 931 983 995 et
1006 930 1124 997 turres
1147 924 1199 998 fa·'

241 1039 359 1112 ciliter
392 1039 556 1134 ingressi,
592 1038 680 1111 facti
714 1048 800 1111 sunt
834 1040 1000 1135 magistri
1033 1042 1199 1115 omnium

241 1179 321 1250 quae
339 1156 521 1228 volebant.
575 1152 730 1225 Inclusis
753 1153 899 1226 tandem
922 1156 1091 1230 omnibns
1114 1182 1199 1254 cap·

240 1271 301 1356 tis,
320 1270 358 1342 in
376 1293 451 1342 una
467 1293 610 1342 camera
626 1268 778 1356 fortiori,
796 1269 906 1342 armis
924 1270 1093 1344 omnibus
1114 1296 1197 1368 spo-

241 1385 337 1458 liatis
354 1385 530 1481 Anglicos
550 1385 790 1458 incarceratos
813 1384 858 1457 ab
880 1385 953 1458 alio
975 1385 1088 1481 priori
1110 1388 1199 1461 liba

240 1510 349 1587 ratoS,
377 1502 515 1574 cibatos
545 1510 582 1574 et
611 1508 779 1587 armatos,
808 1500 883 1572 suis
910 1502 1095 1596 quondam
1120 1528 1197 1577 ma-

241 1616 362 1714 gistris
385 1617 636 1714 praefccerunt,
662 1625 698 1689 et
722 1615 774 1689 sic
798 1616 946 1688 demum
969 1641 1095 1690 omnes
1119 1642 1198 1692 cas-s

240 1735 288 1806 tri
318 1735 538 1808 munitiones
564 1741 804 1830 occuparunt,
833 1733 1085 1830 ignorantibus
1111 1735 1197 1822 illis,

239 1851 302 1946 qui
344 1853 382 1923 in
424 1851 511 1924 villa
549 1849 820 1923 reaedificationi
853 1849 1059 1924 dirutorum
1093 1862 1202 1940 erant·

239 1966 411 2062 praefecti,
430 1968 519 2063 quid
536 1965 740 2040 castellanis
757 1965 1003 2062 contingebat.
1041 1966 1085 2040 In
1098 1991 1200 2042 cras·

238 2083 316 2156 tino
339 2093 590 2180 praeceperunt
611 2082 845 2179 operantibus
863 2083 902 2155 in
920 2083 1005 2156 villa
1023 2084 1068 2157 ab
1086 2109 1195 2180 opere

238 2222 389 2285 cessare,
409 2200 483 2294 qui,
508 2223 573 2294 per
594 2198 666 2271 hoc
689 2207 777 2270 nota
803 2199 912 2272 castri
938 2199 1117 2295 captione,
1137 2226 1195 2275 ce-

237 2315 359 2388 leriter
396 2315 581 2410 fugerunt,
617 2323 655 2386 et
687 2314 775 2386 novi
808 2315 995 2387 castellani
1029 2316 1195 2390 dominas

236 2434 404 2505 inventas
441 2440 625 2529 equestres
669 2432 766 2504 abire
809 2431 1065 2527 permiserunt,
1110 2457 1194 2506 cum

236 2551 361 2621 aarum
379 2549 475 2622 robis
499 2558 537 2621 ct
560 2547 694 2622 chartis
717 2556 827 2643 atque
848 2547 1096 2634 munimentis,
1115 2549 1194 2644 qui-

235 2665 304 2737 bus
329 2689 395 2738 sua
417 2664 571 2737 feudalia
593 2671 716 2736 tenere
740 2663 923 2736 deberent.
974 2662 1115 2736 Eodem
1137 2665 1195 2738 die

236 2791 525 2876 supervenerunt
548 2781 600 2853 eis
623 2781 662 2852 in
685 2780 861 2852 auxilium
878 2779 1027 2875 quidam
1051 2780 1197 2854 invitati

235 2895 436 2982 aCalesia‚
465 2898 597 2994 quibus
627 2896 781 2969 fideliter
808 2895 1088 2992 astipulantibus
1116 2919 1193 2968 cas-
1287 2953 1288 2956 ,

235 3021 335 3084 trum
359 3037 484 3086 secure
507 3022 716 3100 tenuerunt,
735 3021 771 3085 et
788 3013 885 3086 circa
901 3011 1030 3085 horam
1047 3012 1193 3085 tertiam

233 3140 413 3203 venerunt
430 3129 532 3203 missi
549 3154 571 3202 a
588 3131 721 3203 comite
738 3130 782 3202 de
801 3128 926 3225 Gynes
949 3129 1022 3201 duo
1046 3128 1191 3216 milites,

235 3248 299 3342 qui
331 3245 456 3344 petitis
485 3247 654 3334 induciis,
684 3246 904 3343 quaesierunt
933 3247 977 3319 ab
1008 3245 1190 3342 ingressis,

235 3367 297 3462 qui
323 3376 360 3439 et
385 3367 502 3462 cujus,
526 3390 590 3440 scu
612 3390 769 3462 quorum
792 3365 1008 3439 auctoritate
1030 3374 1191 3441 castrum

234 3491 383 3576 captum
417 3482 619 3557 detinerent
653 3491 817 3578 tempore
851 3489 1072 3574 treugarum.
1130 3479 1192 3563 Ad

233 3597 311 3670 haec
334 3621 550 3694 responsum
565 3606 796 3694 receperunt,
816 3598 913 3693 quod
936 3597 1068 3670 intrusi
1091 3599 1190 3670 nole-

232 3715 321 3788 bant
338 3715 447 3788 alicui
469 3715 606 3788 viventi
632 3738 740 3787 suum
763 3738 842 3786 esse
865 3716 1035 3800 revelare,
1056 3738 1190 3811 quous·
1223 3742 1226 3747 ·

234 3856 303 3927 que
337 3831 602 3905 diuturniorem
636 3827 707 3903 loci
743 3830 911 3902 seisinam
942 3829 1097 3903 fuissent
1127 3855 1189 3902 ex-

233 3949 338 4043 perti.
393 3949 509 4046 Igitur
529 3949 568 4020 in
589 3948 646 4022 die
671 3947 788 4021 sancti
806 3945 930 4019 Mauri
947 3946 1089 4019 abbatis
1106 3970 1190 4042 rege

233 4089 300 4137 suo
325 4067 564 4161 parliamento
587 4065 830 4152 incumbente,
854 4071 1034 4134 venerunt
1058 4061 1190 4136 Gallici

234 4181 335 4254 missi
357 4208 380 4255 a
402 4184 551 4279 praefato
569 4185 702 4258 comite
720 4183 766 4255 de
785 4180 909 4278 Gynes
927 4189 1127 4253 asserentes
1150 4179 1189 4252 in

233 4299 424 4392 praesentia
449 4301 554 4394 regis,
578 4301 675 4397 quod
701 4300 740 4372 in
766 4295 1019 4395 praejudioium
1045 4304 1188 4392 treuga-
