3118 5008
241 605 314 656 Λα).
328 581 449 676 1326]
493 604 536 652 aa
557 603 684 654 aaran
704 604 751 652 nn
771 602 1011 654 swmanorm.
1143 583 1190 656 95

239 731 470 830 carpentariis
497 755 518 804 a
543 731 670 804 dextra
694 729 942 804 laborantibus
968 751 1094 802 servus
1120 727 1191 800 Dei

239 847 434 942 deplanxit.
478 845 655 922 Videntes
673 844 818 941 tyranni
836 845 935 941 qnod
950 843 1030 920 viro
1048 855 1190 918 strenu-

237 963 361 1038 issimo
389 987 463 1040 non
491 972 614 1058 posset
640 985 706 1056 per
732 961 900 1036 soetorcm
927 985 1025 1036 mors
1052 985 1190 1057 praeva-

98 1139 104 1148 .
238 1079 323 1164 lere,
345 1089 467 1163 nocte,
492 1077 631 1154 decima
653 1076 820 1152 calendas
845 1075 1014 1150 Octobris
1036 1076 1074 1148 in
1095 1077 1190 1152 lecto

239 1195 434 1270 cubantem
455 1193 576 1268 subito
596 1201 905 1288 praeoccupatum,
923 1216 1008 1266 cum
1024 1192 1190 1287 pulvina-

239 1310 340 1384 ribus
364 1309 504 1404 magnis
528 1317 636 1403 atque
660 1308 759 1401 gravi
782 1305 890 1392 mole,
909 1307 1065 1403 amplius
1084 1333 1191 1403 quam

240 1425 450 1521 quindecim
479 1425 724 1510 robustorum,
757 1423 878 1519 ipsum
908 1447 1122 1518 oppressum
1155 1434 1192 1498 et

240 1541 470 1628 suffocatum,
486 1565 571 1618 cum
584 1539 679 1617 serro
695 1538 889 1636 plumbarii
907 1538 1048 1614 intense
1065 1539 1191 1634 ignito,

240 1666 339 1730 trans
363 1657 489 1730 tubam
513 1655 686 1732 ductilem
709 1656 754 1728 ad
777 1655 970 1750 egestionis
993 1665 1114 1752 partes
1137 1679 1191 1728 se-

134 1851 136 1856 ,
241 1781 356 1845 cretas
374 1773 604 1868 applicatam,
623 1773 785 1847 membra
808 1771 1009 1866 spiritualia
1030 1781 1114 1867 post
1136 1773 1191 1846 in-

241 1887 390 1960 testinas
414 1888 701 1974 combusserunt,
721 1895 889 1964 caventes
912 1911 959 1964 ne
981 1888 1130 1962 vulnere
1152 1889 1191 1960 in

240 2005 339 2100 regio
365 2028 526 2100 corpore,
545 2005 608 2083 ubi
634 2005 752 2080 solent
778 2004 929 2080 vulnera
954 2004 1098 2099 requiri,
1126 2030 1191 2100 per

240 2120 394 2216 aliquem
417 2121 567 2217 justitiae
593 2121 751 2198 ameum
777 2129 932 2216 reperto,
955 2121 1012 2196 sui
1036 2130 1191 2196 tortores

240 2236 286 2310 de
318 2237 464 2314 laesione
497 2231 690 2312 manifesta
723 2237 951 2330 respondere,
983 2244 1091 2331 etque
1124 2261 1192 2331 pro

239 2352 303 2429 illa
345 2375 492 2447 poenarn
535 2353 657 2428 subire
698 2351 818 2428 forent
860 2352 988 2426 coacti.
1057 2350 1192 2426 Taliter

178 2485 182 2490 ·
240 2468 409 2542 obruitur
429 2468 534 2542 miles
558 2467 840 2553 strenuissimus,
865 2467 997 2542 emisso
1023 2469 1192 2553 clamore,

241 2582 472 2660 audientibus
495 2582 589 2658 infra
612 2592 773 2658 castrum
796 2592 832 2657 et
855 2591 968 2667 extra,
994 2583 1080 2658 satis
1107 2591 1194 2658 noto

241 2698 341 2795 quod
358 2707 452 2774 esset
468 2697 679 2774 violentiam
696 2698 825 2772 mortis
842 2698 1034 2794 patientis3
1060 2698 1195 2772 clamor

240 2816 301 2887 illc
318 2813 517 2910 expirantis
535 2815 669 2892 multos
688 2814 733 2889 de
751 2813 952 2899 Berkeleia,
965 2823 1001 2888 et
1018 2816 1194 2909 quosdam

241 2931 287 3005 de
316 2937 447 3016 castro,
479 2938 521 3006 ut
550 2929 620 3024 ipsi
650 2939 894 3032 asseruerunt,
922 2929 968 3005 ad
997 2930 1194 3026 compassi-

241 3070 349 3124 onem
371 3056 408 3123 et
431 3047 613 3125 orationes
633 3071 701 3142 pro
724 3055 849 3124 sancta
866 3047 987 3122 anima
1003 3047 1192 3142 migrante,

241 3161 435 3258 evigilavit.
486 3161 549 3240 Sic
567 3187 676 3258 quem
693 3162 852 3240 mundus
870 3163 996 3245 odivit,
1015 3186 1193 3257 suumque

241 3279 456 3372 magistrum
473 3278 495 3350 J
498 3303 601 3356 esum
618 3277 808 3358 Christum
825 3280 927 3375 prius
949 3279 1032 3354 odio
1052 3279 1191 3366 habuit,
1252 3329 1258 3334 ‚

241 3393 359 3490 primo
388 3405 649 3491 praeceptorem
684 3396 728 3470 de
758 3419 869 3490 regno
897 3394 1109 3469 Judaeorum
1138 3419 1193 3468 re-

242 3509 449 3604 probatum,
468 3511 596 3590 deinde
618 3511 839 3606 discipulum
862 3534 972 3605 regno
991 3511 1192 3605 Anglorum

244 3623 453 3718 spoliatum,
481 3626 615 3720 recepit
641 3627 817 3703 celsitudo
843 3627 945 3721 regni
970 3628 1190 3724 angelornm.

244 3737 421 3814 Gloriosus
437 3749 545 3836 atque
564 3742 669 3815 bonae
688 3742 771 3820 finis
792 3741 958 3818 Edwardi
974 3743 1192 3838 proditorias

242 3856 439 3956 ministros,
475 3857 612 3930 scilicet
648 3857 827 3936 Thomam
865 3859 910 3932 de
945 3857 1120 3954 Corneye‚
1156 3869 1193 3936 et

242 3970 448 4053 lohannem
472 3974 516 4046 de
539 3967 756 4053 Maltravers
777 3975 1010 4072 persequutio
1031 3976 1192 4049 isabellae

243 4097 280 4162 et
297 4089 458 4184 episcopi
474 4089 776 4178 Herefordiensis‚
795 4101 837 4166 ut
857 4091 1009 4188 proinde
1029 4090 1192 4162 videren-

244 4213 304 4277 tur
329 4229 458 4286 manus
483 4208 651 4285 innoxias
674 4219 710 4282 et
734 4218 873 4282 mentes
896 4206 1076 4291 habuisse,
1098 4205 1191 4279 utla-
