3110 5026
233 652 443 742 n.n.l355.]
486 675 531 722 nn
552 673 679 725 onnus
699 676 746 723 nn
766 675 1006 724 swnvnnorru.
1111 651 1195 728 229.

231 800 333 895 regni
356 798 528 886 Franciae',
547 825 622 873 non
648 801 777 886 tenuit,
802 801 866 873 sed
894 802 926 873 ei
954 800 1096 874 rebellis
1124 823 1185 872 ex-

231 913 305 986 titit
322 913 467 1010 injuste.
518 913 655 987 Taliter
671 916 821 1011 praefato
839 940 927 1013 rege
950 919 1185 1000 incarcerato,

232 1054 319 1101 suus
343 1054 535 1125 germanus
558 1031 749 1126 Philippus
774 1034 1058 1128 praenominatus
1086 1031 1187 1106 saisi-

230 1147 284 1218 vit
318 1149 434 1218 multa
463 1157 581 1218 castra
611 1147 649 1217 in
679 1147 798 1218 insula
827 1147 871 1218 de
901 1144 1120 1219 Constantin
1151 1155 1188 1217 et

232 1262 470 1346 Normannia‚
503 1285 583 1357 quae
613 1285 696 1333 cum
727 1262 860 1334 auxilio
896 1263 998 1335 ducis
1033 1263 1189 1334 Lancas·

233 1379 311 1451 triae
330 1378 549 1450 sufficienter
570 1377 808 1463 victualiavit,
828 1387 864 1449 et
886 1378 1094 1451 hominibus
1113 1387 1189 1451 tam

233 1495 398 1590 Anglicis
442 1519 551 1590 quarn
586 1518 660 1567 suae
695 1494 851 1567 nationis
886 1494 1028 1583 referta,
1064 1503 1191 1567 contra

234 1612 458 1684 Francorum
501 1612 730 1708 tyrannidem
763 1611 978 1685 inforciavit.
1035 1610 1189 1682 ,Eodem

233 1738 396 1825 tempore
431 1752 503 1824 quo
538 1726 708 1800 dominus
750 1751 815 1800 rex
849 1750 976 1800 versus
1011 1718 1191 1798 Cellesiam

233 1857 269 1919 ct
299 1846 499 1934 blanciam,
531 1847 627 1919 sicut
661 1847 799 1918 dictum
830 1855 896 1932 est,
930 1843 1189 1930 transfretavit,

235 1987 322 2037 suus
371 1957 652 2060 primogenitus,
692 1963 861 2036 dominus
904 1961 1103 2036 Edwardus
1146 1959 1191 2031 de

234 2079 469 2168 Wodestoke,
504 2080 645 2152 Walliae
681 2083 864 2177 princepe,
904 2081 1042 2154 babens
1077 2079 1190 2153 comi-

236 2207 288 2270 tes
316 2196 498 2283 Warwici,
528 2195 779 2284 Suthfolchiae,
809 2195 1019 2271 Sarisburiae
1047 2205 1084 2269 et
1113 2194 1191 2267 Ox-

235 2315 339 2400 oniae,
369 2337 390 2384 a
417 2323 526 2408 portu
556 2311 710 2383 Suttone
737 2294 776 2383 in
803 2312 980 2398 Devonia,
1010 2313 1068 2384 die
1095 2300 1191 2385 cras-

235 2432 312 2503 tina
336 2427 551 2502 Natiuitatis
578 2434 711 2499 sanctae
739 2426 867 2499 Mariae
892 2427 1046 2500 feliciter
1071 2428 1192 2499 enaviss

236 2546 346 2642 gavit,
373 2554 409 2616 et
436 2544 476 2615 in
502 2543 681 2640 principio
712 2543 847 2616 mensis
877 2543 1048 2616 Octobris
1077 2543 1192 2640 appli-

236 2669 323 2737 cans
354 2661 600 2757 Burdegalim,
629 2667 797 2757 receptus
832 2669 887 2733 est
923 2685 1008 2734 eum
1042 2660 1192 2748 honore,

237 2780 408 2876 episcopo
438 2787 474 2851 et
505 2779 601 2850 clero
632 2785 742 2878 atque
772 2777 948 2873 religiosis
981 2776 1194 2850 universali-

237 2904 294 2980 ter
310 2919 412 2968 sacra
432 2895 581 2980 indutis,
602 2918 687 2966 cum
710 2903 789 2967 toto
813 2895 951 2991 populo
975 2893 1045 2988 ipsi
1068 2907 1195 2965 occurss

238 3011 411 3084 rentibus,
468 3011 570 3082 Tarn-
592 3011 721 3083 devote
752 3035 862 3106 quam
890 3011 1048 3105 jocunde
1077 3009 1196 3105 prima

238 3130 296 3201 die
328 3126 524 3201 Dominica
557 3126 655 3199 illius
690 3129 825 3199 mensis
860 3126 992 3222 divinis
1026 3126 1195 3200 laudibus

240 3248 369 3322 devote
412 3252 674 3331 consummata,
711 3243 769 3316 die
803 3243 916 3316 Lunae
953 3244 1196 3341 subsequente

239 3365 419 3460 princeps,
450 3370 577 3435 contra
606 3360 773 3432 inimicos
808 3361 853 3432 de
887 3360 1082 3458 Burdogali
1111 3387 1195 3457 pro·

238 3479 368 3566 fectus,
386 3480 639 3574 hospitabatur
657 3478 799 3550 duobus
822 3477 1033 3551 milliaribus
1057 3503 1078 3550 a
1102 3477 1196 3550 Bur-

219 3595 357 3690 'degali
380 3595 418 3665 in
442 3604 571 3680 castro,
591 3593 729 3665 scilieet
750 3594 794 3664 de
812 3579 979 3666 Urnoun.
1033 3595 1077 3670 In
1100 3619 1196 3668 cras-

240 3713 318 3784 tino
339 3710 508 3783 transivit
529 3734 594 3806 per
618 3709 687 3780 iter
710 3709 879 3782 strictum
902 3718 1010 3806 atque
1034 3711 1197 3785 silvestre
1263 3753 1267 3768 ·

241 3853 305 3924 per
333 3827 494 3899 medium
519 3825 613 3896 villae
643 3825 687 3896 de
716 3824 869 3920 Longau
895 3837 1058 3915 muratae,
1088 3828 1197 3925 longa

240 3945 346 4032 dieta,
377 3945 414 4016 in
439 3942 681 4039 perditionem
706 3943 908 4014 multorum
934 3967 1122 4038 equorum,
1150 3945 1197 4016 ad

241 4061 333 4132 forte
357 4069 518 4132 castrum
541 4058 586 4131 de
607 4049 768 4131 Audert,
813 4057 882 4130 Die
905 4057 1010 4131 Jovis
1037 4060 1083 4132 ad
1109 4059 1196 4132 civi·

242 4185 355 4247 tatem
374 4176 429 4259 ¹de
461 4175 753 4262 Besashuutoun,
786 4175 976 4248 ecclesiam
1011 4177 1197 4252 cathedra-

242 4291 315 4365 lem
340 4299 376 4364 et
403 4300 624 4364 conventum
647 4292 868 4366 Minorum-
902 4293 946 4367 In
970 4293 1027 4367 die
1044 4293 1197 4370 Veneris
