3110 5026
352 663 426 736 242
512 682 529 726 .·
586 681 1042 732 -oxnomcouounrmnr
1092 627 1309 752 [mn-1355.

353 813 464 886 unius
495 811 660 884 milliaris
691 810 736 882 de
766 809 926 905 hospitio
952 809 1090 905 seipsos
1117 811 1156 883 in
1183 835 1314 908 campo

356 939 442 1027 apto
469 929 682 1003 ordinarunt
712 927 759 1000 ad
787 926 1043 1023 proeliandum.
1097 927 1224 1024 Itaque
1250 953 1313 1001 ex-

355 1048 471 1121 ercitu
506 1045 684 1130 ordinato,
720 1044 880 1141 quidam.
901 1045 1118 1118 suscitatum
1150 1047 1314 1142 leporem

348 1165 616 1250 exclamarunt,
653 1161 753 1257 quod
786 1161 973 1233 audientes
1007 1160 1146 1233 inimici
1185 1163 1313 1234 emise-

355 1291 442 1354 runt
463 1284 514 1353 40
537 1281 733 1366 lanceatos,
758 1301 824 1375 per
846 1301 938 1374 quos
960 1277 1041 1350 viso
1065 1279 1228 1352 exercitu
1254 1303 1312 1353 or-

356 1399 480 1471 dinato
514 1420 749 1492 reversusque
783 1395 946 1479 celeriter
978 1395 1058 1467 haec
1090 1396 1312 1484 nuntiantes,

357 1537 484 1586 omnes
508 1512 681 1609 fugerunt
703 1535 789 1584 cum
811 1533 944 1606 magno
965 1534 1112 1607 pavore,
1136 1512 1234 1585 sicut
1258 1536 1314 1584 re-

357 1631 522 1705 tulerunt
551 1629 649 1725 capti
678 1651 724 1700 ex
753 1628 805 1700 eis
832 1627 872 1700 in
899 1628 1192 1724 persequutione.
1245 1627 1314 1701 Illo

356 1749 415 1820 die
445 1746 735 1819 Bartholomaeus
770 1745 815 1816 de
849 1743 1097 1839 Burghasche‚
1126 1743 1314 1818 Johannes

359 1860 541 1948 Chandos,
560 1870 597 1933 et
617 1861 776 1932 Jacobus
802 1858 1046 1955 D'Andeleye,
1064 1860 1110 1932 ad
1133 1884 1316 1933 summam

359 1984 488 2073 quater
513 1975 644 2071 viginti
670 1976 919 2049 lanceatorum
947 1976 1104 2049 ordinati
1130 1976 1319 2072 discoope-

359 2101 510 2178 ratores,
532 2087 744 2164 accedentes
770 2092 817 2165 ad
842 2093 996 2166 caudam
1021 2093 1202 2167 exercitus
1228 2092 1317 2165 Gal-

354 2196 526 2296 ¹licorum,
556 2208 788 2304 captivarunt
817 2209 967 2306 triginta
992 2211 1088 2298 ¹duos
1118 2210 1252 2282 milites
1280 2218 1318 2282 et

360 2325 584 2414 domicellos,
608 2335 643 2398 et
669 2327 764 2399 inter
785 2350 847 2399 eos
868 2321 1058 2399 dominum
1081 2326 1251 2400 comitem
1273 2326 1319 2399 de

359 2443 561 2516 Romenie:
606 2441 694 2516 item
728 2445 865 2516 multos
899 2442 1056 2540 bigarios
1094 2443 1318 2531 occiderunt,

361 2561 590 2634 destruentes
626 2583 753 2632 eorum
786 2559 971 2632 victualia.
1035 2557 1124 2632 Sero
1153 2560 1319 2656 principe

361 2677 546 2775 hospitato
574 2678 613 2750 in
638 2677 727 2750 villa
752 2678 797 2750 de
823 2676 980 2764 Muwos,
1005 2686 1162 2773 quatuor
1188 2677 1320 2750 Gallici

362 2819 547 2868 armorum
569 2793 747 2890 Anglicos
769 2793 913 2890 fugitivi
940 2795 979 2867 in
1002 2795 1194 2869 ecclesiam
1220 2794 1319 2868 illius

360 2912 469 2998 villae,
504 2934 617 3007 equos
651 2920 689 2984 ct
722 2936 823 2985 arma
857 2913 1034 2984 duntaxat
1070 2912 1319 3008 perdiderunt.

364 3027 522 3100 Sabbato
556 3025 725 3122 pluvioso
760 3035 974 3124 carpserunt
1007 3030 1146 3101 malum
1179 3029 1249 3102 iter
1282 3037 1319 3101 et

363 3145 532 3217 strictum
555 3144 601 3216 ad
624 3152 785 3216 castrum
808 3144 853 3216 de
877 3143 1049 3232 Oradrie‚¹
1065 3145 1104 3218 in
1127 3170 1200 3242 quo
1220 3146 1321 3241 prin-

364 3282 449 3354 ceps
473 3259 712 3353 pernoctavit,
732 3267 769 3331 et
791 3283 897 3331 mane
920 3259 958 3332 id
980 3262 1193 3335 combussit.
1242 3260 1320 3334 Do-

364 3374 509 3460 minica,
530 3373 603 3480 ‚die
642 3383 777 3446 sanctae
811 3373 966 3464 Ceciliae,
1003 3379 1156 3452 transitu
1193 3378 1321 3474 grandi

364 3492 435 3579 via,
462 3491 559 3564 circa
585 3513 778 3586 vesperum
803 3502 1044 3589 perceperunt
1072 3493 1170 3590 quod
1197 3495 1321 3570 hostes

365 3607 513 3680 fuerunt
542 3629 588 3679 ex
617 3607 730 3681 altera
758 3617 861 3705 parte
891 3611 1008 3706 grossi
1040 3613 1186 3700 montis,
1214 3613 1323 3709 juxta

359 3730 403 3795 et
425 3721 520 3796 infra
540 3723 666 3797 villam
688 3724 733 3797 de
757 3724 956 3812 Gemount,
981 3727 1032 3799 ita
1054 3727 1152 3822 quod
1174 3726 1323 3823 Anglioi

365 3838 498 3913 tardati
526 3863 642 3937 usque
671 3842 719 3914 ad
747 3843 910 3916 mediam
933 3829 1100 3929 noctem(
1122 3843 1323 3917 emiserunt

366 3957 513 4031 interim
543 3959 730 4054 sexaginta
757 3959 900 4032 lanceas
933 3983 1018 4031 cum
1047 3957 1241 4052 sagittariis
1276 3961 1322 4033 ad

367 4075 554 4148 dexteram
587 4071 682 4148 villae
719 4075 764 4147 de
797 4059 1011 4161 Auremont‚
1046 4073 1110 4146 ubi
1151 4073 1322 4150 inventos

367 4193 442 4264 440
469 4193 566 4265 viros
593 4215 779 4265 armorum
805 4177 1324 4282 constabularii'Francorum',

367 4311 621 4405 compulerunt
648 4307 774 4380 villam
801 4331 987 4396 evacuare,
1016 4308 1231 4405 quibusdam
1258 4335 1321 4384 oc-
