3136 5016
371 555 417 630 72
634 580 857 630 cneonrcon
878 581 1061 630 ssnrnror
1120 561 1321 651 [n.o.l324

367 733 469 804 reges
498 708 643 804 Angliae
672 718 709 782 et
738 707 898 782 Franciae
927 709 972 782 de
1001 733 1090 806 pece
1120 711 1320 796 tractanda,

367 825 472 919 cujus
488 823 678 919 legationis
701 825 871 898 nuntium
892 835 1159 922 competentem
1177 837 1320 922 oporte-

367 951 423 1015 ret
452 941 638 1014 ordinare:
674 941 751 1036 regi
779 943 916 1014 volenti
944 967 1012 1039 pro
1042 952 1144 1016 tanto
1174 943 1319 1038 negotio

366 1057 609 1145 transfretare,
645 1058 898 1131 dissuadebant
936 1059 1087 1132 comites
1120 1058 1318 1132 Wintoniae

366 1184 403 1247 et
434 1173 683 1261 Gloucestriae,
715 1175 883 1248 timentes
918 1200 964 1248 ne
994 1176 1051 1249 sui
1081 1157 1319 1249 contubernio

365 1291 510 1388 privati,
545 1291 745 1364 inciderent
774 1292 812 1364 in
842 1317 971 1366 manus
1003 1293 1152 1366 hostiles
1181 1291 1318 1365 vicino-

366 1434 460 1497 rum,
479 1409 611 1506 quibus
637 1409 798 1482 sciebant
819 1409 957 1506 seipsos
978 1410 1135 1483 odiosos.
1187 1409 1318 1482 Praete-

365 1549 427 1598 rea
452 1550 519 1598 nec
545 1525 727 1598 audebant
749 1549 835 1598 cum
857 1549 941 1620 rege
964 1524 1207 1612 transfretare,
1227 1550 1318 1621 quos

366 1666 441 1714 non
463 1642 570 1714 latuit
587 1640 686 1736 quod
708 1641 806 1737 ipsos
829 1665 893 1714 rex
916 1641 1140 1714 Francorum
1162 1641 1318 1714 sectione

366 1758 500 1831 sororis
526 1781 601 1829 suae
626 1766 663 1829 et
688 1756 823 1852 Rogeri
850 1759 894 1830 de
920 1757 1142 1831 Mortemere
1158 1759 1318 1831 violento

366 1896 506 1945 veneno
545 1873 670 1959 odivit,
706 1874 876 1969 quocirca
914 1873 1028 1970 ipsius
1072 1873 1203 1969 reginae
1240 1873 1318 1968 jam

366 1987 444 2083 regi
463 1989 680 2062 blandientis
704 1999 923 2086 caeterosque
943 2013 1110 2086 proceres
1130 1990 1318 2085 prudentis

364 2103 525 2177 foeminae
550 2105 618 2176 sibi
643 2107 880 2193 conciliantis
904 2116 1012 2202 atque
1034 2130 1162 2202 pacem
1189 2130 1317 2201 regno-

366 2245 449 2323 rum
465 2222 711 2316 promittentis
728 2223 901 2297 instantia
924 2247 998 2296 non
1021 2247 1144 2318 parva,
1168 2223 1318 2318 praedic·

366 2336 414 2410 tis
442 2362 585 2434 quoque
610 2340 789 2436 episcopis
815 2340 854 2411 in
879 2339 917 2411 id
942 2339 1038 2412 idem
1064 2339 1206 2412 occulte
1233 2361 1318 2410 con-

366 2451 462 2524 sules
480 2452 597 2548 regios
614 2453 883 2549 instigantibus,
897 2463 1006 2548 atquc
1023 2453 1233 2549 proceribus
1251 2477 1317 2550 pro

255 2575 256 2579 ’
366 2569 495 2663 majori
520 2579 622 2665 parte
648 2570 791 2644 adhoc
817 2571 1130 2657 concordantibus,
1162 2572 1317 2644 multum

367 2685 566 2760 desiderata
582 2688 761 2782 legatione
778 2688 942 2782 fungitur
959 2687 1093 2782 regina.

416 2803 526 2876 Anno
549 2806 643 2874 1324
666 2803 818 2876 Isabella
833 2805 968 2899 regina,
986 2803 1080 2899 regis
1097 2802 1318 2877 Francorum

366 2922 466 2994 unici
483 2921 604 2994 fratris
626 2921 682 2992 sui
702 2923 812 2993 unica
829 2945 943 3010 soror,
963 2923 1055 2995 caris
1080 2931 1116 2996 et
1140 2922 1317 2995 desidera-

367 3039 414 3111 tis
431 3038 635 3135 aspectibus
657 3048 693 3111 et
717 3041 850 3112 osculis
873 3051 1101 3137 praesentata,
1120 3042 1208 3115 dum
1226 3051 1316 3114 trac-

368 3164 467 3227 tatur
491 3154 586 3226 inter
612 3179 734 3249 regem
759 3155 906 3230 fratrem
932 3168 969 3231 et
994 3159 1166 3230 maritum
1189 3159 1318 3231 ducem

367 3271 572 3366 Aquitaniae
612 3281 647 3343 et
690 3273 860 3346 comitem
893 3273 1220 3361 Pontiniaoensem,
1256 3298 1318 3346 rcx

368 3387 446 3482 ejus
463 3387 615 3460 maritus
637 3412 702 3484 per
726 3397 842 3462 totam
862 3391 1173 3486 quadragesimam
1196 3400 1232 3463 et
1254 3414 1319 3462 aes·

367 3513 482 3577 tatem
507 3504 545 3576 in
571 3503 702 3579 Cantia
727 3507 988 3602 perendinavit,
1010 3517 1054 3579 ut
1079 3508 1173 3579 inter
1199 3507 1318 3603 ipsum

367 3632 405 3693 et
429 3622 590 3716 reginam
614 3624 828 3697 nuntiorum
849 3648 1048 3697 concursus
1071 3622 1194 3696 faciles
1212 3622 1318 3694 habe·

366 3743 435 3821 ret,
471 3736 603 3831 reginae
645 3739 832 3832 negotium
874 3746 1090 3832 provenerat
1125 3736 1318 3809 tractatim.

366 3853 539 3927 Finaliter
566 3855 749 3928 consensit
775 3855 1063 3951 parliamentum,
1081 3845 1317 3938 Francorum,

367 3971 464 4067 quod
494 3971 525 4044 si
556 3995 618 4043 rex
645 3971 785 4067 Angliae
815 3972 1012 4066 resignaret
1047 3950 1156 4042 suum
1186 3971 1247 4065 jus
1280 3969 1319 4039 in

366 4088 541 4162 ducatum
567 4087 757 4161 Gasconiae
782 4097 890 4184 atquc
916 4087 1131 4159 comitatum
1157 4084 1318 4158 Pontini-

365 4229 530 4281 acensem
558 4207 735 4280 Edwardo
766 4204 1006 4303 primogenito
1037 4228 1116 4289 suo,
1147 4204 1225 4299 ipse
1255 4227 1325 4292 rex¹
