3118 5008
365 634 435 709 170
613 653 838 704 canonicos
860 655 1043 704 orn-rami
1101 634 1314 725 [natale.

358 807 479 879 regem
508 783 703 856 Scotorum
729 805 905 878 maguum
933 805 1128 854 munerum
1152 781 1315 856 Jauuen-

359 903 455 974 sium
471 911 509 975 et
526 903 681 976 aliorum
698 901 1027 998 stipendiariorum,
1045 902 1172 998 ipsum
1185 903 1317 976 exhor-

357 1027 438 1090 tans
455 1041 522 1113 per
539 1039 622 1090 suas
644 1016 779 1106 literas,
798 1017 896 1113 quod
913 1016 1082 1114 Angliam
1101 1042 1168 1092 sua
1185 1020 1317 1093 militia

358 1144 396 1208 et
419 1135 509 1208 viris
532 1134 726 1222 bellicosis,
744 1143 788 1208 ut
812 1133 920 1220 dixit,
937 1144 1149 1208 evacuatam
1172 1135 1317 1210 fortiter

357 1251 612 1348 aggrederetur
637 1252 854 1348 depraedare,
881 1259 1000 1323 castra
1027 1259 1065 1324 et
1093 1251 1318 1326 munitiones

357 1393 576 1466 expugnare,
596 1377 633 1441 et
655 1368 701 1440 ad
725 1389 812 1440 suos
833 1389 922 1440 usus
946 1391 1142 1453 reservare,
1157 1378 1201 1441 ut
1226 1369 1317 1442 alias

357 1487 410 1558 illi
436 1487 512 1558 duo
536 1485 646 1558 simul
672 1484 740 1556 sibi
767 1493 882 1558 totam
903 1484 1076 1579 Angliam
1102 1507 1148 1557 eo
1172 1485 1315 1560 facilius

336 1603 604 1698 subjugarent.
656 1600 774 1697 Igitur
799 1601 895 1674 eirea
920 1601 1055 1675 festum
1081 1604 1198 1676 sancti
1223 1603 1320 1680 Dio·,

357 1719 464 1815 nysii,
488 1743 552 1791 rex
576 1716 770 1791 Scotorum
792 1717 913 1791 David
936 1741 1022 1791 cum
1043 1720 1207 1815 potentia
1224 1719 1313 1794 Soo-

358 1835 431 1908 tiou
453 1843 489 1908 et
513 1834 755 1930 stipendiariis
771 1834 848 1906 sibi
871 1833 996 1907 missis
1014 1836 1215 1932 ingreditur
1234 1835 1312 1909 An-

357 1951 478 2046 gliam,
508 1951 694 2024 dimittens
721 1951 922 2024 Berwicum
953 1975 1018 2046 per
1043 1951 1219 2048 Anglieoe
1250 1953 1312 2026 de-

357 2066 512 2153 fensum,
533 2055 684 2138 tandem
707 2063 896 2164 peragrata
918 2067 1052 2144 foresta
1068 2067 1257 2156 Alnewici,
1275 2079 1314 2142 et

358 2183 542 2278 adjacente
559 2183 677 2280 patria
694 2184 910 2280 depraedata,
925 2195 1185 2282 oppugnarunt
1197 2186 1312 2282 quod·

358 2300 440 2371 dam
458 2301 661 2374 manerium
675 2302 829 2375 dominae
846 2303 891 2374 de
904 2299 1036 2390 Wake,
1047 2311 1221 2376 vocatum
1238 2303 1311 2377 Lu·

357 2415 490 2490 dedew.
543 2417 763 2492 Praedictum
779 2419 902 2492 locum
924 2443 991 2516 per
1006 2429 1154 2516 tempus·
1173 2420 1322 2516 aliquot·

356 2542 484 2607 contra
506 2535 605 2631 ipsos
629 2535 844 2609 defendebat
862 2535 1032 2608 dominus
1050 2535 1249 2610 Gualterus
1267 2539 1311 2610 de

356 2647 516 2738 Victore,
544 2676 582 2724 se
609 2653 767 2725 reddidit
792 2678 859 2749 pro
890 2653 1138 2750 redemptione
1166 2678 1310 2728 conser-

355 2768 508 2856 vanduS,
545 2770 608 2864 qui
650 2793 758 2842 suum
793 2771 1007 2866 magistrum
1043 2765 1172 2867 Seleby
1207 2772 1313 2870 miles·

356 2909 495 2981 magnae
519 2886 722 2983 probitatis
741 2888 804 2982 qui
827 2889 975 2960 tandem
1001 2889 1096 2960 mole
1118 2887 1311 2962 Scotorum

356 3013 515 3089 coactus,
544 3027 645 3076 more
674 3004 804 3075 victori
838 3005 884 3076 de
914 3005 996 3100 jure
1030 3005 1178 3077 militari
1206 3005 1315 3079 bellis

357 3115 510 3190 Scoticis
534 3127 642 3214 atque
661 3117 810 3192 Gallicis
832 3122 979 3207 usitate,
998 3121 1084 3194 vitae
1106 3121 1203 3194 illius
1225 3147 1309 3219 cap-

355 3243 437 3306 tura
460 3235 506 3306 ad
529 3234 649 3307 David
673 3237 841 3309 notitiam
864 3239 1050 3326 ventilata,
1074 3241 1223 3335 jubetur
1248 3264 1313 3330 oc-

356 3345 428 3417 cidi
465 3347 563 3418 illius
597 3347 830 3421 miserentem
873 3361 980 3446 atque
1024 3353 1310 3449 redemptionem

356 3461 587 3533 affectantem
615 3462 888 3558 deprecabatur,
916 3475 959 3538 ut
993 3468 1039 3540 ad
1068 3467 1188 3542 David
1222 3493 1308 3542 con-

312 3637 318 3652 .
356 3585 523 3671 spectum
557 3578 662 3650 vivus
697 3579 901 3655 duceretur.
954 3583 1065 3657 Petiti
1094 3585 1203 3682 primi
1232 3586 1310 3659 voti

355 3715 505 3788 compos
523 3695 734 3790 genuflexus
752 3721 875 3772 eoram
892 3699 1025 3787 David,
1044 3701 1173 3796 petivit
1194 3702 1310 3776 vitam

354 3831 421 3904 pro
439 3811 698 3908 redemptione,
718 3815 781 3887 sed
805 3816 941 3889 iterum
960 3817 1068 3902 morti
1090 3816 1310 3896 condemna

356 3934 425 3998 tur.
470 3928 651 4023 Allegavit
667 3932 770 4004 miles
788 3942 916 4004 contra
932 3931 1077 4003 crudele
1094 3930 1307 4008 mandatum

354 4047 509 4140 tyranni,
530 4049 628 4142 quod
650 4049 800 4142 antiquo
820 4049 901 4140 jure
925 4047 1069 4142 pietatis
1096 4049 1201 4144 regiae
1226 4075 1306 4147 reg-

355 4185 485 4234 norum
509 4173 584 4235 tam
608 4162 739 4237 Scotiae
760 4186 870 4256 quam
888 4162 1028 4258 Angliae
1050 4166 1109 4237 vel
1132 4165 1306 4253 Franciae,

355 4279 504 4372 quilibet
542 4280 650 4351 miser
683 4279 793 4351 etiam
834 4303 916 4352 reus
951 4281 1056 4378 regiae
1093 4284 1306 4379 majestatie,
