3142 5028
150 653 156 662 ‘
253 642 452 735 rn.11.l7.]
481 669 526 716 nn
547 668 675 716 arnna
694 668 741 718 nn
762 668 1002 719 swrnnaorrn.
1158 648 1206 722 69

249 818 451 889 norumque
469 794 665 886 arduorum
686 793 884 880 lactuosus,
901 795 947 869 ad
968 796 1063 892 regis
1080 798 1205 892 degra-

248 911 429 983 dationem
446 920 485 983 et
501 912 703 984 multorum
716 911 894 986 nobilium
906 912 1202 1000 exinanitionem,

247 1028 441 1100 iracundiae
462 1036 648 1124 concepte
671 1052 851 1101 venenum
872 1029 1092 1126 propinavit,
1111 1031 1202 1104 serie

246 1144 436 1216 narranda.
489 1143 629 1216 Contra
645 1145 798 1217 comites
815 1143 1014 1219 Wintoniae
1032 1153 1069 1216 et
1087 1143 1202 1218 Glou-

244 1261 385 1332 cestrioe
409 1259 459 1331 H.
481 1268 519 1332 ct
535 1259 585 1330 H.
610 1283 803 1355 procerum
829 1263 931 1357 regni
957 1262 1081 1334 odium
1108 1263 1201 1334 anti-

245 1401 360 1472 quum
373 1385 468 1473 ¹post
489 1377 585 1472 regis
608 1376 797 1450 victoriam
823 1379 921 1474 apud
946 1379 1202 1474 Borowbrigge

243 1493 449 1588 aliqualiter
478 1493 697 1589 mitigatum,
727 1502 791 1566 aut
818 1494 952 1568 certius
980 1495 1109 1566 timore
1136 1518 1201 1591 po-

245 1611 366 1682 tentiae
389 1611 521 1706 regalis
543 1611 780 1696 occultatum,
800 1634 909 1684 causa
924 1610 1076 1684 clariore
1093 1635 1202 1706 quam

245 1726 361 1800 suerat
377 1728 580 1822 antiquum,
594 1728 691 1800 vires
709 1751 783 1819 non
801 1737 974 1815 erectum,
990 1730 1055 1803 sed
1072 1752 1203 1825 repens

245 1844 448 1939 resumpsit.
484 1843 617 1922 Multis
635 1866 764 1939 nempe
781 1844 964 1947 nobilibus
982 1847 1050 1918 sub
1067 1847 1201 1920 comite

244 1959 461 2037 Lancastriae
486 1970 614 2042 contra
636 1985 758 2057 regem
781 1962 942 2047 armatis,
968 1963 1132 2058 pepercit
1158 1972 1200 2036 ut

245 2075 382 2150 dictum
416 2085 483 2162 est,
517 2077 617 2172 regia
650 2078 851 2162 clementia,
881 2079 1013 2174 quibus
1048 2079 1200 2151 comites

244 2192 384 2286 praefati
417 2193 578 2265 animum
608 2193 702 2287 regis
732 2192 949 2266 fascinatum
979 2194 1027 2265 ad
1054 2194 1200 2266 libitum

243 2316 452 2392 tractantes
470 2308 674 2381 intulerunt
693 2317 850 2380 mortem
867 2308 912 2380 de
929 2309 1071 2394 merito,
1091 2333 1200 2404 quam

243 2424 388 2496 nonnisi
412 2448 477 2519 per
501 2423 655 2519 gratiam
677 2423 935 2519 praedictorum
953 2423 1128 2496 comitum
1147 2423 1196 2495 H.

241 2549 280 2612 et
310 2539 359 2610 H.
391 2541 540 2612 evadere
571 2564 609 2612 se
642 2563 749 2636 posse
778 2563 854 2612 non
882 2540 1073 2636 putabant,
1101 2541 1200 2614 unde

242 2655 350 2728 multi
376 2655 529 2728 istorum
547 2655 707 2728 diversas
732 2656 911 2728 manerias
937 2656 1198 2750 pulcherrimas

242 2776 374 2848 desua
397 2775 596 2857 hereditate
617 2799 684 2870 pro
708 2774 901 2847 securitate
917 2773 1002 2846 vitae
1021 2775 1199 2870 promissa

243 2892 426 2988 predictis
461 2891 666 2976 comitibus,
702 2913 799 2986 saepe
842 2891 1086 2978 nominandis,
1122 2915 1197 2964 non

242 3008 374 3081 hilares
401 3009 545 3081 datores
576 3008 640 3082 sed
666 3031 711 3080 ex
739 3007 887 3080 tristitia
912 3015 949 3080 et
974 3031 1016 3078 ex
1041 3010 1197 3080 necessi-

242 3136 316 3199 tate
332 3127 585 3200 vendiderunt.
639 3124 800 3199 Comites
817 3125 928 3220 igitur
945 3124 1142 3222 Hugonem
1160 3137 1196 3200 et

242 3243 435 3338 Hugonem
453 3243 618 3316 fecerunt
636 3243 777 3316 cunctis
800 3242 956 3329 odiosos,
981 3267 1056 3315 non
1076 3245 1196 3317 solum

243 3359 328 3454 quia
350 3361 489 3432 caeteris
513 3359 682 3431 omnibus
705 3382 728 3430 a
749 3383 833 3454 rege
858 3360 942 3454 plus
968 3360 1193 3444 amabantur,

242 3477 305 3548 sed
322 3475 407 3571 quia
423 3474 608 3571 spiritibus
626 3473 804 3569 superbia
827 3481 865 3544 et
886 3471 1095 3545 ambitionis
1119 3475 1194 3568 agi-

240 3593 307 3665 tati
329 3592 462 3664 milites
485 3613 677 3686 generosos
700 3613 765 3684 per
789 3590 1014 3662 exactionem
1037 3591 1194 3664 crudelis
1227 3673 1231 3686 ¹

240 3708 496 3804 redemptionis
529 3705 835 3804 depauperabant,
867 3714 904 3777 et
939 3729 1065 3778 eorum
1098 3706 1193 3779 filios

240 3825 375 3922 praedia
399 3824 598 3920 paternalia
625 3844 692 3918 pro
720 3821 833 3892 nihilo
860 3821 1105 3916 percutientes
1131 3845 1192 3893 ex-

239 3942 479 4015 haeredabant.
525 3939 684 4012 Cuilibet
701 3937 892 4010 videbatur
908 3961 1001 4010 onus
1018 3938 1191 4032 importa-

240 4058 348 4131 tabile
360 4067 434 4131 tres
447 4081 549 4152 reges
562 4055 670 4128 simul
683 4053 1046 4150 inAngliasufferre;
1072 4037 1192 4146 regem

239 4175 345 4248 multi
366 4174 613 4270 peramabant,
633 4172 696 4244 sed
717 4196 818 4268 reges
835 4170 1031 4266 Hugonem
1053 4178 1090 4239 ct
1109 4166 1192 4240 Hu-

239 4316 368 4388 gonem
385 4292 502 4364 multo
519 4291 641 4387 plures
658 4313 732 4385 prae
751 4299 852 4360 metu
869 4286 1050 4370 odiebant,
1070 4307 1153 4356 nam
