3118 5008
217 650 293 714 An.
306 641 430 732 1338.]
470 665 515 712 nn
535 663 728 712 nausson
747 663 987 713 swmanorm.
1097 645 1166 715 135

100 835 104 839 -
215 798 381 876 ratonem,
401 813 509 884 super
533 812 605 884 quo
627 812 722 884 papa
743 789 888 886 scripsit
910 792 944 862 ei
966 791 1088 864 literas
1111 783 1166 866 re-

215 904 459 1000 darguationis
489 913 527 977 et
556 904 817 978 exhortationis
845 906 934 979 satis
961 907 1052 980 dure
1079 931 1166 980 con-

216 1031 352 1116 ceptas,
372 1021 417 1093 de
434 1021 519 1093 dato
542 1020 661 1092 idibus
682 1019 914 1105 Novembris,
931 1021 1166 1116 pontificatus

214 1137 272 1209 sui
288 1161 384 1210 anno
402 1145 544 1231 quarto,
562 1135 681 1208 adhuc
698 1159 782 1230 rege
798 1136 920 1210 taliter
942 1137 981 1207 in
1002 1138 1166 1232 partibus

213 1252 464 1325 transmarinis
492 1275 658 1346 guerram
686 1273 789 1322 suam
818 1275 885 1346 pro
913 1275 980 1325 suo
1003 1253 1085 1346 jure
1111 1254 1166 1325 in-

214 1367 418 1440 choandam
444 1367 697 1465 suspendente.
751 1365 796 1438 In
822 1366 945 1461 vigilia
960 1366 1167 1440 Annuntia-

215 1485 326 1557 tionis
352 1485 521 1558 undecim
543 1485 653 1579 galeae
675 1484 903 1556 immiserunt
928 1483 1049 1579 ignem
1074 1485 1168 1557 villae

216 1601 261 1673 de
278 1600 482 1686 Herewich,
501 1603 606 1696 cujus
623 1601 790 1673 ardorem
810 1610 943 1673 ventus
964 1603 1167 1675 contrarius

217 1718 403 1813 prohibuit
420 1741 581 1792 crescere
597 1719 636 1789 in
653 1729 935 1790 nocumentum:
958 1719 1111 1792 ulterius
1129 1720 1168 1792 in

195 1858 311 1907 anno
335 1835 431 1908 circa
453 1835 693 1907 Pentecosten
717 1835 842 1930 piratae
866 1833 1106 1908 Normannici
1130 1843 1168 1907 et

216 1949 420 2024 Januenses
449 1951 489 2023 in
511 1951 622 2047 galeis
645 1959 682 2024 et
705 1951 876 2047 spinaciis
899 1951 996 2024 circa
1019 1959 1167 2046 portum

218 2066 395 2139 Hamonis
430 2068 560 2141 iterato
594 2068 631 2140 in
664 2067 755 2140 mari
785 2091 823 2140 se
853 2067 1097 2153 ostendentes,
1128 2089 1167 2140 se

215 2184 307 2255 velle
330 2185 511 2280 applicare
534 2183 742 2256 comminati
765 2192 852 2257 sunt
874 2209 939 2280 per
962 2207 1047 2256 suos
1072 2207 1166 2256 nun-

216 2299 298 2385 tios,
311 2323 402 2395 quos
416 2301 605 2394 jusserunt
621 2307 838 2394 apparatum
853 2299 949 2370 villae
966 2300 1166 2394 explorare,

216 2424 253 2488 et
275 2415 360 2510 quia
381 2422 527 2510 paratos
549 2414 686 2486 incolas
710 2412 756 2484 ad
779 2412 1018 2484 resistendum
1043 2435 1167 2507 perce-

215 2538 362 2627 perunt,
384 2530 430 2602 ad
450 2530 605 2602 insulam
627 2529 671 2601 de
688 2527 806 2601 Vecta
827 2528 1086 2623 migraverunt,
1105 2527 1169 2601 sed

216 2646 255 2718 in
271 2647 371 2718 illam
389 2669 464 2718 non
480 2645 720 2730 intraverunt,
740 2644 907 2717 cedentes
933 2644 1169 2740 prohibitioni

216 2762 430 2848 incolarum,
460 2762 524 2834 sed
553 2785 592 2834 se
621 2761 886 2834 transtulerunt
915 2761 961 2834 ad
991 2761 1060 2834 alia
1089 2761 1170 2833 loca

216 2879 398 2952 maritima
420 2878 542 2952 minus
564 2879 656 2951 bene
680 2877 832 2964 munita,
851 2877 890 2949 in
907 2877 1051 2974 quibua,
1069 2899 1170 2950 more

216 2995 519 3081 latrunculorum,
554 2996 671 3068 multa
704 2994 801 3066 mala
833 2993 1103 3079 commiserunt,
1133 3003 1170 3068 et

216 3119 343 3205 postea
372 3111 411 3184 in
440 3110 534 3184 festo
562 3107 736 3206 Corporis
767 3106 916 3196 Christi,
945 3110 1043 3205 apud
1073 3109 1169 3184 Has·

218 3225 372 3320 tingheS,
385 3250 496 3323 quam
512 3236 603 3298 tunc
620 3224 743 3320 gurria
760 3224 984 3321 piscatorum
1002 3227 1170 3300 combus-

218 3351 356 3427 semnt,
376 3366 462 3415 cum
478 3366 606 3414 corum
623 3340 780 3436 scaphis,
801 3340 1011 3414 hominibus
1028 3341 1169 3415 occisis.
1218 3407 1221 3412 ,

218 3455 314 3528 Item
340 3465 467 3529 contra
490 3457 649 3530 insulam
671 3456 820 3532 Tanntis
846 3467 882 3530 et
908 3455 1116 3544 Doveriam,
1134 3467 1172 3532 at
1200 3449 1203 3462 ¹

219 3579 347 3646 contra
364 3571 553 3659 Folkstnn,
572 3573 758 3645 multoties
780 3595 819 3643 se
843 3574 1091 3662 ostenderunt,
1109 3575 1174 3648 sed

218 3689 258 3760 in
275 3688 347 3762 illis
364 3687 454 3761 locis
472 3690 588 3762 multa
603 3689 699 3760 mala
715 3712 791 3760 non
807 3688 935 3776 fecere,
954 3690 1024 3764 nisi
1049 3691 1175 3764 adver-

219 3829 293 3898 sus·
305 3829 483 3901 pauperes
506 3805 715 3901 piscatores.
768 3802 910 3876 Deinde
933 3805 972 3876 in
995 3807 1174 3902 portubus

223 3923 417 3996 Cornubiae
441 3932 477 3995 et
499 3921 675 3996 Devoniae
696 3922 812 3994 multa
834 3923 931 3996 mala
953 3931 1081 3994 contra
1102 3922 1176 4016 pis·

218 4048 361 4112 catores
387 4039 612 4124 commisere,
640 4046 676 4110 et
704 4061 815 4111 naves
842 4061 931 4133 quas
959 4037 1177 4108 invenerunt

220 4154 400 4228 solitarias
435 4155 690 4241 incendebant,
722 4162 758 4226 ct
787 4153 936 4225 tandem
970 4151 1008 4220 in
1043 4149 1177 4221 hebdo-

223 4268 331 4342 mada
373 4269 617 4356 Pentecostes,
657 4278 808 4364 portum
841 4267 886 4340 de
920 4265 1179 4338 Plummouthe
