3110 5026
368 606 442 679 266
624 628 849 678 cueonrcon
868 628 1053 678 ennrrrnr
1111 608 1324 698 [celest.

317 791 320 804 ·
369 759 490 856 putuit
507 781 553 830 ex
568 758 720 830 adversa
735 765 843 853 gente
863 757 1056 854 prosterni,
1072 758 1139 831 sed
1161 760 1325 836 turbatas

368 875 464 948 acies
490 875 723 962 intervolans,
751 884 788 947 et
810 882 970 948 armatos
996 875 1112 948 rarius
1138 887 1325 952 consertos

368 990 580 1063 inferiorum
605 991 767 1064 victoriis
793 991 1059 1078 dimitterent
1084 984 1198 1065 robur
1222 1019 1325 1068 coro-

366 1108 444 1180 nati
469 1107 598 1180 validis
623 1109 749 1181 cuneis
773 1108 894 1183 adhuc
921 1107 1056 1206 stipati,
1086 1109 1214 1205 rapido
1238 1111 1324 1184 nisu

362 1223 490 1318 dirigit
513 1247 658 1320 gressus
680 1225 905 1298 metuendos.
959 1225 1067 1298 Tunc
1083 1227 1216 1299 vexilla
1236 1228 1323 1302 titu-

367 1340 511 1426 barunt,
541 1339 719 1412 vexillarii
748 1347 975 1427 corrnerunt,
1011 1339 1050 1412 hi
1085 1365 1152 1414 sua
1182 1341 1325 1416 viscera

367 1456 448 1529 susa
472 1458 671 1543 calcarunt,
699 1456 912 1530 allidentes
937 1466 1189 1544 evomuerunt,
1214 1459 1324 1532 multi

368 1582 472 1645 terrae
505 1573 569 1645 fixi
603 1573 763 1661 fuerunt,
797 1572 964 1646 nonnulli
996 1581 1136 1647 stantes
1174 1574 1324 1648 brachie
1356 1583 1359 1588 '

366 1689 516 1785 praecisa
557 1689 804 1786 perdiderunt.
873 1689 926 1762 Hi
967 1690 1162 1764 merientes
1204 1692 1322 1764 alieno

364 1831 494 1879 cruore
532 1831 570 1880 se
608 1810 832 1894 volutarunt,
867 1807 1029 1904 pondera
1061 1809 1164 1903 lapsa
1197 1831 1321 1902 gemu-

364 1932 483 2010 erunt,
518 1932 556 1996 et
596 1924 727 1996 animae
771 1923 948 2018 superbae,
980 1946 1115 2020 corpus
1148 1923 1321 2018 ignarum

364 2038 582 2125 deserentes,
616 2039 716 2112 diros
750 2040 907 2135 gemitus
942 2040 1149 2112 emiserunt.
1203 2037 1322 2111 Cruor

365 2153 505 2226 servilis
531 2162 567 2227 et
595 2155 742 2250 sanguis
768 2155 897 2251 regalis
922 2180 998 2227 uno
1024 2155 1166 2250 gurgite
1191 2178 1321 2227 cucur-

364 2278 490 2343 rerunt.
519 2280 556 2344 et
589 2271 710 2345 vicina
738 2271 889 2344 fluentia
917 2279 1172 2368 purpurantes,
1202 2269 1320 2366 pisces

364 2387 518 2460 delicato
561 2397 706 2460 nectare
748 2396 938 2485 paverunt.
1009 2386 1071 2461 Sic
1108 2386 1198 2460 furit
1233 2411 1320 2483 aper

362 2503 639 2593 Cornubiensis,
654 2505 718 2601 qui

766 2621 870 2696 Soles
887 2621 1062 2717 sauguine
1079 2620 1178 2694 fusas

465 2737 610 2812 Gaudet
628 2738 759 2811 habere
774 2738 853 2810 vias
1251 2801 1259 2811 .

363 2855 410 2926 ad
443 2853 636 2927 stationem
670 2851 845 2926 coronati.
908 2849 982 2925 Hic
1009 2851 1319 2925 ualidissimorum

362 2981 449 3044 trux
491 2970 695 3044 resistentia
730 2969 923 3066 reperitur,
958 2978 1124 3066 pugnant
1157 2968 1317 3065 Anglici‚

361 3095 566 3184 repugnant
601 3085 745 3172 Gallici,
781 3109 937 3181 quorum
971 3084 1047 3157 dux
1080 3085 1165 3158 licet
1199 3085 1317 3158 aetatis

361 3214 600 3299 praemature,
619 3186 790 3275 'attamen
819 3201 874 3272 ire
899 3201 1139 3295 juvenescens
1174 3200 1317 3288 tironis,

361 3318 525 3411 egregios
551 3317 711 3410 geminat
736 3326 852 3401 actus,
870 3315 937 3386 hos
960 3313 1207 3399 excerebrans,
1227 3316 1318 3388 alios

360 3432 582 3518 confodiens,
611 3431 667 3506 his
695 3454 758 3502 ora
786 3428 969 3517 rescindit,
998 3436 1062 3502 aut
1090 3427 1200 3502 facies
1230 3453 1317 3503 con-

360 3550 494 3633 tundit,
517 3548 598 3620 illos
622 3547 810 3637 eviscerat,
828 3547 1005 3645 quosdam
1023 3546 1226 3634 detruncat,
1249 3572 1317 3643 per

355 3667 483 3739 omnia
505 3676 713 3741 monstrans
739 3667 838 3763 quod
862 3691 886 3740 a
913 3666 1025 3763 regali
1052 3667 1176 3763 stipite
1201 3665 1316 3738 Fran-

358 3782 424 3856 ciae
446 3807 520 3856 non
543 3785 692 3858 omnino
717 3785 958 3882 degeneravit,
984 3783 1048 3857 sed
1070 3782 1219 3856 tandem
1241 3783 1314 3854 sor-

357 3910 450 3974 tune
490 3911 579 3976 rotae
620 3903 836 3999 vertiginem
873 3901 1136 3998 precipitante,
1171 3899 1314 3972 Welliae

308 4067 310 4074 ·
359 4020 527 4116 princeps
544 4020 656 4093 intrat
677 4020 715 4091 in
736 4019 870 4104 hostes,
890 4027 926 4091 et
944 4017 1047 4113 quasi
1069 4018 1183 4089 leaena
1206 4039 1312 4104 saeva,

360 4135 597 4230 generositate
616 4135 765 4209 domitis
787 4135 962 4230 superbis,
987 4132 1104 4229 parcit
1127 4131 1312 4227 subjectis

359 4260 394 4324 et
417 4252 515 4348 cepit
538 4253 700 4325 coronati
724 4251 954 4325 deditionem.
1008 4249 1161 4364 Interim
1178 4247 1316 4321 Gallici
