3118 5008
243 660 318 714 Ab.
338 585 462 730 1339]
508 661 552 708 aa
573 661 701 710 annua
721 661 767 708 nu
788 661 1028 715 SWINBROKE.
1125 637 1194 713 139

241 789 355 885 ceptis
372 789 494 884 itaque
511 789 624 860 literis
644 813 688 860 ex
706 797 808 885 parte
826 789 970 885 tyranni
994 789 1092 885 quod
1115 789 1193 884 ipse

240 906 355 978 voluit
373 929 457 980 eum
478 929 561 1000 rege
583 905 759 1001 praeliare,
779 930 843 978 rex
866 907 912 978 ad
934 927 1019 978 eum
1042 905 1192 993 remisit,

242 1022 339 1116 quod
355 1022 477 1118 ipsum
493 1021 610 1095 voluit
632 1045 698 1116 per
720 1031 794 1094 tres
817 1022 893 1096 dies
917 1022 956 1094 in
979 1046 1110 1118 campo
1132 1045 1194 1094 ex-

169 1151 182 1168 ‘
241 1147 397 1234 pectare.
462 1136 577 1232 Igitur
613 1136 805 1231 quatriduo
840 1139 879 1210 in
914 1162 1043 1233 campo
1078 1139 1194 1211 eleeto

241 1276 363 1347 regern
384 1260 637 1347 expectantem
660 1252 777 1324 noluit
801 1261 975 1348 tyrannus
998 1255 1195 1350 appropin-

242 1394 354 1466 quare
370 1368 527 1441 vicinius
544 1393 654 1463 quam
673 1369 719 1441 ad
736 1369 810 1442 duo
826 1369 1003 1456 milliaria,
1023 1371 1087 1442 sed
1104 1395 1195 1466 pon-

242 1489 340 1560 tibus
361 1485 555 1560 confractis
580 1495 617 1560 et
640 1487 828 1560 arboribus
845 1487 946 1560 eaesis
964 1496 1072 1582 atque
1091 1487 1197 1560 semi·

242 1603 433 1688 truncatis,
453 1612 489 1674 et
506 1603 545 1674 in
561 1603 751 1676 itineribus
769 1603 903 1699 patulis
920 1603 1122 1701 prostratis,
1149 1627 1196 1676 ne

243 1745 306 1792 rex
331 1721 454 1816 ipsum
478 1721 740 1816 insequeretur,
758 1743 886 1794 versus
909 1719 1087 1794 Parisium
1111 1744 1196 1793 cum

243 1837 415 1908 dedecore
450 1838 701 1910 revertebatur
713 1869 723 1925 ;
761 1837 859 1933 quod
892 1837 1098 1932 intelligens
1132 1861 1196 1909 rex

243 1953 392 2047 Angliae,
413 1953 456 2024 de
474 1953 626 2025 consilio
651 1977 802 2029 suorum
824 1952 1025 2026 amicorum
1047 1962 1196 2050 propter

243 2068 423 2162 desectum
450 2069 664 2141 victualium
692 2069 800 2142 rediit
826 2093 891 2164 per
918 2067 1128 2143 Hancniam
1157 2067 1196 2140 in

244 2182 488 2270 Brabantiam,
507 2184 570 2256 ubi
586 2184 661 2256 fere
678 2208 743 2280 per
760 2191 875 2256 totam
892 2183 1050 2256 hiemem
1066 2206 1195 2278 peren-

243 2300 391 2372 dinavit.
452 2299 578 2371 Medio
614 2307 777 2394 tempore
811 2299 993 2372 contraxit
1026 2321 1195 2392 magnam

242 2416 436 2488 amicitiam
461 2439 546 2488 cum
568 2413 862 2499 Flandrensibus,
882 2413 944 2508 qui
965 2435 1195 2484 communem

243 2531 516 2626 subjectionem,
553 2529 774 2623 homagium,
810 2537 847 2602 et
881 2527 1094 2602 fidelitatem
1126 2527 1196 2623 ipsi

239 2649 362 2743 jurare
392 2671 430 2718 se
460 2654 690 2742 paraverunt,
718 2644 917 2716 dummodo
945 2667 1009 2716 rex
1035 2643 1196 2716 Franciae

243 2788 282 2836 se
316 2770 557 2858 nuncuparet,
586 2770 623 2836 et
639 2761 678 2833 in
709 2761 806 2832 illius
836 2759 888 2832 rei
918 2759 1063 2854 signum
1096 2783 1197 2832 arma

242 2881 357 2954 liliata
386 2879 430 2952 de
461 2887 597 2951 extunc
626 2885 794 2973 gestaret.
847 2874 936 2948 Non
965 2874 1064 2948 enim
1092 2875 1205 2949 aliter

244 2997 427 3069 audebant
452 2995 486 3068 ei
511 2995 667 3081 obedire,
694 3001 844 3090 propter
870 2991 1105 3066 interdictum
1132 3013 1197 3086 pa·

243 3137 311 3208 pae,
332 3113 431 3209 quod
454 3112 524 3185 fnit
546 3111 803 3208 interpositum
819 3109 858 3182 in
875 3131 962 3181 casu
980 3132 1052 3204 quo
1070 3117 1198 3183 contra

244 3254 364 3326 regem
381 3228 542 3302 Franciae
558 3227 677 3300 forent
693 3249 856 3322 unquam
873 3225 1034 3301 rebelles
1080 3222 1196 3320 Igitur

245 3347 288 3418 de
323 3347 475 3420 consilio
509 3368 660 3419 suorum
696 3367 888 3440 procerum
923 3351 960 3414 et
994 3341 1196 3417 amicorum

244 3464 523 3536 Flandreusibus
548 3463 744 3550 consensit,
762 3470 800 3534 et
826 3460 1022 3555 assumptis
1048 3459 1195 3532 nomine

245 3588 281 3651 et
304 3579 415 3651 armis
437 3577 544 3672 regiis
566 3577 738 3664 Franciae,
762 3575 969 3649 Flandriam
995 3575 1132 3671 recepit
1156 3575 1196 3648 in

244 3720 354 3768 suum
371 3694 609 3780 dominatum,
629 3694 733 3788 cujus
751 3693 879 3764 incolae
895 3693 1018 3788 ipsum
1038 3716 1083 3764 ex
1105 3701 1195 3766 tunc

173 3831 177 3837 ·
244 3834 510 3908 permagnum
536 3820 693 3906 tempus
720 3819 906 3906 tamquam
933 3809 1010 3904 regi
1034 3807 1200 3882 Franciae

245 3928 476 4023 conquesturi
493 3927 531 3999 in
549 3925 717 4000 omuibus
736 3927 959 4000 obediebant.
1012 3924 1069 3996 De
1087 3925 1196 3998 titulo

246 4049 282 4112 et
324 4041 434 4114 annis
469 4040 740 4136 praenominatis
783 4040 903 4113 taliter
945 4037 1195 4131 alloquebatur

246 4157 429 4250 quondam
446 4157 621 4252 Anglicos
645 4156 713 4229 sibi
736 4157 866 4228 missos
890 4163 1066 4250 tyrannus
1084 4149 1195 4222 Fran-

247 4295 384 4361 corum,
422 4281 444 4311 “
457 4272 603 4359 Quod,''
648 4263 777 4368 inquit,
816 4277 1029 4365 “cognatus
1073 4275 1197 4344 noster
