3136 5016
250 622 445 714 nn.11.l5.]
478 646 522 694 nn
542 646 669 695 arnna
688 646 735 694 nn
754 646 994 696 swrunaonn.
1150 625 1198 698 65

248 782 313 859 tea,
332 774 543 868 vexillisque
568 774 747 870 regalibus
769 774 902 846 vexilla
926 775 1104 848 baronum
1131 777 1198 849 sub

247 889 382 962 ducatu
411 889 587 962 comitum
616 889 843 962 adversantia
872 892 1087 987 procedunt,
1117 915 1198 987 quae

244 1006 387 1077 utinam
416 1015 544 1078 contra
569 1006 735 1080 inimicos
762 1007 879 1080 crucis
907 1007 1045 1081 Christi
1074 1009 1197 1105 plures

244 1120 282 1192 in
300 1111 454 1218 decuplo
471 1123 565 1217 regis
582 1131 618 1194 et
635 1122 812 1196 comitum
828 1123 991 1196 unanimi
1016 1148 1196 1198 consensu

243 1237 397 1310 fuissent
422 1239 621 1333 displicato,
646 1246 683 1310 et
707 1263 783 1311 non
805 1239 981 1335 Anglicus
1006 1243 1045 1313 in
1068 1241 1195 1337 Angli-

244 1378 341 1440 cum,
360 1363 536 1447 cognatus
556 1354 595 1425 in
616 1363 822 1449 cognatum,
844 1355 961 1428 affinis
981 1357 1019 1430 in
1039 1357 1194 1444 affinem,

242 1470 347 1570 miles
359 1469 396 1541 in
410 1469 665 1566 imperatorem
677 1470 805 1543 fuisset
818 1470 1071 1544 debacchatus.
1097 1474 1196 1545 Cun-

242 1587 457 1681 grediuntur
482 1587 576 1659 acies
601 1587 699 1683 apud
725 1587 961 1683 Bornbrigge‚
988 1589 1052 1661 ubi
1077 1589 1195 1685 piissi-

241 1725 323 1775 mus
346 1726 466 1776 comes
491 1702 719 1791 Hnmfridus‚
747 1727 769 1776 a
794 1705 950 1798 quodam
968 1704 1125 1779 Wallico
1151 1708 1195 1779 de

242 1820 309 1892 sub
330 1828 442 1915 ponte
463 1828 563 1892 trans
583 1819 745 1892 foramen
766 1820 898 1892 tabulas
919 1821 1054 1908 lancea,
1076 1823 1116 1894 ln
1138 1823 1193 1895 in-

242 1937 387 2032 guinem
400 1960 445 2009 ex
457 1946 560 2033 parte
573 1937 768 2023 secretiori,
781 1937 841 2010 illa
853 1937 1022 2012 videlicet
1035 1963 1106 2034 qua
1119 1963 1193 2012 non

241 2054 405 2126 solebant
427 2055 559 2127 milites
582 2055 722 2140 armari,
744 2055 813 2127 sub
836 2055 988 2150 pedibus
1011 2056 1194 2129 neminem

240 2170 394 2244 habente
419 2180 644 2267 suspectum,
668 2172 763 2268 proh
789 2171 912 2245 dolor!
943 2173 1191 2246 transfoditur.

242 2286 446 2385 Capiuntur
485 2289 524 2361 in
566 2311 695 2384 campo
738 2312 860 2360 comes
902 2287 1122 2363 Lancastriae
1156 2299 1194 2362 et

241 2429 327 2478 cum
359 2430 403 2478 eo
437 2406 601 2491 batanea,
631 2405 814 2477 baronetti
847 2412 884 2476 et
917 2405 1050 2478 milites
1079 2429 1194 2478 nona·

241 2521 354 2616 ginta,
391 2518 551 2616 quinque
591 2519 782 2604 scutiferis,
818 2519 1010 2593 clientibus
1044 2527 1082 2592 et
1114 2521 1194 2592 aliis

240 2636 503 2732 impotentibus
531 2657 696 2730 guerram
723 2634 937 2706 resuscitare
965 2635 1115 2730 diffugio
1141 2636 1194 2707 di·-

239 2752 372 2839 missis,
400 2762 436 2826 et
461 2753 556 2826 inter
582 2752 664 2823 illos
692 2751 907 2846 quibusdam
931 2751 1107 2824 militibus
1133 2776 1194 2824 oc-

240 2869 360 2942 cultis.
413 2867 564 2965 Captos
586 2876 694 2963 atque
715 2890 838 2939 coram
859 2868 960 2962 regni
982 2868 1194 2963 justiciariis

240 2985 388 3058 domino
405 2985 553 3059 Andrea
578 2985 623 3056 de
649 2983 854 3080 Harchleye
880 2994 917 3056 et
943 2984 1021 3057 aliis
1048 2985 1192 3058 ratioci-

239 3111 343 3175 natos
361 3103 555 3176 schismate
572 3111 609 3175 et
625 3101 818 3173 rebellione
839 3111 876 3174 et
897 3102 936 3173 in
960 3110 1070 3198 caput
1091 3103 1192 3198 regni

240 3221 505 3318 conspiratione
529 3219 689 3315 legitime
712 3218 910 3304 convictos,
929 3243 975 3291 ne
992 3219 1191 3316 impunitas

238 3331 384 3411 illorum
416 3336 572 3434 posteris
607 3337 779 3409 tribueret
812 3335 1038 3409 incentivum
1072 3337 1192 3410 taliter

238 3455 481 3551 delinquendi,
500 3453 741 3527 diversimode
762 3453 907 3549 punivit
924 3475 1077 3526 censura
1093 3455 1190 3548 lega-

238 3573 306 3658 lis;
332 3597 463 3668 nempe
480 3581 591 3645 tantae
608 3571 721 3644 cladis
738 3569 974 3666 principalem
992 3594 1190 3669 praesump-

238 3700 354 3764 torem
388 3688 565 3761 Thomam
607 3688 775 3760 comitem
817 3686 1048 3775 Lancastriae,
1085 3691 1190 3785 cujus

238 3807 458 3904 generositas
484 3814 521 3878 et
546 3804 755 3877 divitiarum
777 3803 977 3899 amplitudo
999 3806 1101 3900 quasi
1122 3806 1189 3877 im-

237 3924 381 3996 mortali
410 3932 559 3996 caeteros
587 3921 751 3994 lecerunt
776 3919 969 4006 adhaerere,
999 3931 1102 3994 sexto
1132 3921 1190 3993 die

237 4043 321 4137 post
344 4039 438 4134 regis
458 4036 685 4134 triumphum
701 4037 847 4133 publica
865 4037 1014 4132 justicia
1037 4060 1189 4130 suspen-

238 4156 299 4228 dio
312 4156 533 4240 damnatum,
551 4162 667 4226 morte
685 4153 895 4248 turpissima
912 4172 1188 4224 suumconsan-

238 4273 411 4368 guin'eum
438 4297 512 4346 non
539 4271 702 4368 permisit
728 4269 877 4342 tractari
904 4267 1020 4362 pietas
1046 4266 1187 4359 regalis,

704 4408 724 4455 r
