3110 5026
362 640 435 709 224
622 655 844 705 cnrourcou
864 652 1048 702 onnrrrnr
1106 629 1318 719 [n.n.l353.

361 785 713 881 quomodocumque.
793 780 879 853 Istis'
922 778 1191 852 conditionibus
1233 778 1320 875 pius

360 902 559 974 Edwardus
602 924 665 972 rex
699 897 844 994 Angliae
878 906 916 968 et
949 895 1109 969 Franciae
1143 897 1245 993 pium
1281 906 1321 969 et

360 1019 577 1090 benevolum
610 1016 765 1112 praebuit
795 997 993 1099 assensum,
1024 1036 1092 1110 pro
1122 1012 1318 1085 devotione

360 1133 461 1230 pacis
491 1131 790 1216 Christianitatis,
820 1130 968 1203 tandem
1001 1153 1068 1226 pro
1102 1129 1317 1201 assecurita-

360 1250 459 1323 tione
501 1259 684 1323 tantarum
720 1247 1005 1321 conventionum
1038 1246 1236 1319 mittuntur
1270 1229 1317 1318 ad

361 1367 484 1438 sedem
509 1366 747 1462 apostolicam
772 1363 891 1435 nuntii
921 1364 1100 1435 solemnes
1127 1362 1317 1458 utriusque

330 1483 474 1579 „regni
493 1483 627 1579 quippe
653 1506 675 1554 a
700 1483 811 1554 latere
836 1480 930 1575 regis
948 1479 1090 1574 Angliae
1116 1478 1316 1574 fungeban-

359 1607 421 1671 tur
446 1599 518 1671 ista
539 1599 719 1694 legatione
745 1597 936 1692 episcopus
961 1593 1218 1682 Norwicensis,
1238 1596 1315 1669 dux

359 1715 590 1801 Lancastriae,
617 1738 738 1788 comes
766 1713 991 1799 D’Arundel‚
1019 1721 1055 1785 et
1081 1713 1142 1784 alii
1167 1713 1315 1801 militeS,

360 1832 491 1927 quibus
526 1831 697 1927 profectis
727 1830 960 1918 Avinionam,
993 1839 1223 1902 accesserunt
1256 1854 1314 1903 ar·

359 1947 613 2042 chiepiscopus
656 1945 945 2040 Rotomagensis‚
990 1946 1065 2018 dux
1107 1944 1314 2032 Borboniae,

359 2061 545 2135 Galfridus
563 2063 608 2135 de
621 2060 781 2158 Ohamy,
794 2070 831 2133 et
848 2061 910 2134 alii
926 2061 971 2134 de
989 2061 1143 2135 concilio
1156 2061 1315 2136 Franco-

358 2203 451 2252 rum.
506 2178 644 2252 Omnes
661 2178 781 2252 nuntii
798 2177 946 2252 fuerunt
966 2179 1005 2250 in
1026 2178 1163 2252 honore
1179 2203 1313 2275 magno

357 2297 505 2392 recepti,
536 2296 618 2369 duci
648 2296 796 2392 quidem
825 2295 1044 2368 Lanc'astriae
1073 2295 1314 2369 obviaverunt

357 2414 464 2486 multi
506 2413 704 2487 cardinales
738 2421 775 2486 et
809 2412 982 2509 episcopi,
1018 2413 1080 2508 qui
1115 2436 1136 2484 a
1169 2413 1313 2486 duobus

356 2529 571 2603 milliaribus
609 2530 730 2627 ipsum
764 2529 1012 2602 conduxerant
1047 2528 1093 2601 ad
1127 2527 1312 2602 civitatem

356 2654 393 2718 et
422 2646 607 2742 palatium
626 2645 762 2718 domini
793 2669 908 2742 papae,
935 2645 1082 2718 tandem
1108 2644 1146 2717 in
1172 2645 1311 2719 consis-

355 2762 450 2834 torio
484 2763 619 2835 summi
650 2761 856 2859 pontificis3
890 2761 971 2858 ipso
1002 2770 1039 2834 et
1068 2761 1311 2835 cardinalibus

355 2877 463 2974 atque
505 2878 644 2952 nuntiis
678 2878 843 2974 utrisque
876 2877 1125 2974 praesentibus
1160 2877 1311 2950 fuerunt

355 2997 528 3094 expositae
571 3020 688 3071 causae
731 2996 956 3084 nuntiorum,
993 2997 1123 3094 quibus
1164 2997 1310 3082 auditis,

354 3113 501 3210 Anglici
525 3115 708 3211 petierunt
732 3114 991 3188 conventiones
1014 3114 1221 3187 confirmari
1242 3115 1309 3186 du-

355 3231 444 3302 dum
471 3231 568 3325 apud
597 3229 777 3302 Calesiam
803 3230 898 3302 inter
925 3230 1063 3324 seipsos
1093 3239 1129 3302 et
1159 3232 1309 3304 nuntios

355 3345 514 3418 Franciae
538 3345 670 3418 ibidem
692 3354 889 3441 praesentes
907 3344 1126 3419 constitutae.
1179 3347 1307 3444 Angli-

355 3464 407 3537 cis
426 3461 557 3536 Gallici
579 3462 857 3558 responderunt,
876 3462 975 3558 quod
996 3461 1152 3536 libenter
1172 3466 1309 3539 vellent

353 3604 493 3677 pacem,
522 3580 585 3653 sed
613 3579 658 3650 de
680 3578 879 3675 Aquitania
906 3588 942 3652 et
969 3580 1127 3678 praesatis
1156 3582 1309 3654 comita-

354 3697 463 3783 tibus
492 3706 535 3771 ut
565 3697 746 3785 dixerunt,
778 3722 851 3770 non
885 3709 1008 3795 posset
1038 3723 1101 3771 rex
1132 3698 1305 3787 Franciae,

354 3815 416 3888 sed
434 3839 501 3888 nec
519 3815 588 3913 ipsi
606 3815 833 3904 assentirent,
852 3817 950 3912 quod
967 3815 1173 3912 integritate
1190 3817 1304 3912 regni,

353 3931 526 4028 adquam
549 3955 612 4004 rex
635 3940 671 4004 et
693 3931 763 4028 ipsi
786 3931 929 4004 fuerant
941 3931 1065 4028 jurati,
1084 3929 1202 4004 forent
1219 3957 1307 4005 cum

353 4050 453 4122 omni
483 4050 577 4146 jure,
607 4073 679 4146 quo
714 4048 888 4145 praedicto
922 4073 1033 4146 regno
1063 4050 1304 4146 pertinebant,

353 4167 528 4252 alienata3
555 4167 647 4238 bene
676 4164 921 4238 consentirent
948 4166 1046 4261 quod
1073 4166 1161 4238 utile
1189 4166 1305 4238 dorni-

352 4281 455 4354 nium
487 4282 744 4378 praedictorum
787 4281 941 4355 ducatus
984 4290 1021 4356 et
1064 4282 1305 4356 comitatuum
