3136 5016
200 673 395 762 no.11.l4.]]
425 695 470 743 nn
490 695 617 743 aaran
636 695 684 743 oe
705 695 944 746 swrunnoun
1101 674 1144 746 61

194 830 289 908 teor,
308 821 371 894 sed
392 844 467 892 non
488 820 577 894 adeo
595 820 684 917 quin
703 823 837 916 ‘vulgus
859 823 1025 917 garrulus
1047 823 1148 918 pejo-

194 961 273 1009 ,rem
285 937 429 1008 sciverit
438 936 607 1031 fingendo
619 937 829 1024 describere,
842 946 951 1034 atque
961 963 1045 1011 vere
1055 941 1150 1012 mala

197 1051 294 1124 facto
312 1053 488 1124 deteriora
504 1052 710 1149 praedicare.
759 1051 830 1124 Pro
847 1054 979 1126 talibus
997 1064 1032 1127 et
1051 1055 1148 1127 sirni-

196 1167 305 1254 libus,
323 1169 363 1239 in
380 1167 511 1262 quibus
528 1168 617 1262 regii
638 1168 795 1240 ministri
818 1171 934 1241 solent
956 1171 1147 1256 offendere,

197 1282 415 1354 reddebatur
432 1281 542 1377 Hugo
561 1283 662 1377 regni
677 1284 886 1378 proceribus
903 1285 1055 1357 nimium
1072 1287 1149 1357 odi-

196 1421 294 1468 osus.
347 1397 456 1470 Unde
472 1399 512 1469 in
528 1397 764 1469 furibundum
782 1400 984 1495 appetitum
1009 1400 1148 1473 vindic-

197 1522 244 1584 tae
278 1536 445 1608 proceres
479 1513 632 1600 accensi,
659 1513 810 1608 pradia
852 1514 930 1586 haec
964 1516 1077 1610 patris
1111 1517 1151 1587 in

196 1629 323 1700 odium
350 1629 417 1700 filii
443 1653 485 1701 ac
513 1629 591 1724 ejus
619 1629 890 1715 adhaerentium,
915 1652 1151 1726 quaecumque

197 1743 410 1817 invenerant
439 1743 477 1815 in
507 1744 714 1839 principatu
743 1743 885 1816 Walliae
916 1753 953 1816 et
981 1745 1021 1817 in
1049 1744 1177 1818 Mar-'

199 1859 281 1932 chia
307 1867 543 1955 occuparunt,
573 1882 722 1931 nemora
753 1858 915 1955 ipsorum
950 1868 986 1932 et
1021 1869 1149 1933 caetera

196 1975 346 2047 mobilia
363 1975 400 2046 in
417 1974 549 2070 Anglia
565 1984 708 2070 reperta
725 1975 969 2062 devastarunt,
995 1975 1035 2046 in
1058 1976 1148 2048 utri-

195 2115 312 2185 usque
337 2099 511 2186 praeterea
535 2089 704 2186 Hugonis
731 2115 867 2179 necem,
892 2100 1001 2185 atque
1026 2093 1148 2186 cujus-

196 2207 286 2280 libet
319 2207 466 2280 alterius
499 2207 616 2294 amici,
647 2207 807 2303 exeeptis
841 2207 940 2302 regio
975 2208 1149 2302 sanguine
1214 2285 1216 2288 ,

198 2323 413 2410 reverendis
429 2323 496 2394 sub
514 2331 739 2396 sacramento
753 2322 988 2418 jurisjurandi
1005 2325 1148 2418 conspi-

196 2447 336 2511 rarunt.
391 2439 550 2512 xHorum
583 2439 730 2512 fuerunt
765 2438 993 2534 principales,
1029 2462 1149 2512 comes
1284 2451 1287 2456 '

198 2554 435 2640 Heresordiae,
469 2555 514 2626 R.
552 2556 596 2627 de
629 2553 833 2640 Mortimer,
868 2539 1086 2626 Mauricius
1106 2555 1150 2626 de

199 2670 390 2766 Berlrleye,
418 2668 461 2740 Β.
490 2669 534 2741 de
560 2668 811 2754 Baddesmere,
838 2668 883 2739 R.
911 2666 1073 2755 Damori,
1097 2669 1148 2742 H.

198 2787 330 2883 Tyeys.
385 2785 540 2857 Occulta
561 2807 682 2857 comes
704 2783 950 2856 Pembrochiae
967 2786 1151 2858 consensit

199 2905 263 2991 eis,
283 2903 347 2976 sed
364 2911 400 2974 et
417 2925 536 2974 comes
555 2900 775 2973 Lancastriae
793 2900 960 2972 ardenter
980 2908 1016 2972 et
1035 2901 1150 2973 mani-

199 3019 301 3092 feste.
371 3017 483 3113 Hugo
522 3024 658 3112 putans
697 3015 856 3088 firrorem
873 3015 1150 3090 'iracundorum

198 3157 308 3231 posse
336 3142 457 3206 tractu
486 3131 659 3227 temporis
689 3130 857 3226 mitigari,
890 3131 1082 3204 absentans
1112 3155 1150 3204 se

202 3252 250 3323 ad
274 3259 418 3346 tempus
438 3247 655 3344 quandoque
680 3255 780 3320 trans
805 3270 918 3334 mare,
935 3247 1151 3345 quandoque

202 3368 241 3438 in
263 3367 365 3454 mari,
384 3366 429 3438 de
451 3364 677 3438 ordinatione
699 3364 792 3459 regis
816 3363 959 3459 navigio
981 3364 1149 3452 latitavit,

200 3483 347 3557 tandem
362 3483 402 3552 in
417 3481 656 3577 parliamento
674 3480 770 3575 apud
788 3478 1151 3552 Westmonasterium

203 3598 394 3682 celebrato,
425 3620 508 3691 rege
536 3620 611 3668 non
642 3595 888 3668 consentiente
913 3620 981 3668 nec
1008 3606 1151 3669 tantum

202 3736 278 3809 prae
307 3721 409 3784 metu
444 3710 557 3783 civilis
591 3709 732 3783 discidii
762 3711 916 3782 audente
945 3713 1149 3800 reclamare,

202 3839 355 3921 uterque
377 3825 489 3921 Hugo
512 3825 647 3911 exulat,
669 3833 795 3898 contra
818 3827 984 3900 absentes
1007 3837 1151 3901 senten·
1271 3883 1273 3888 -

200 3942 252 4014 tia
268 3942 505 4037 promulgata.

253 4055 361 4129 Anno
395 4056 487 4128 1321
522 4056 676 4129 dominae
706 4057 838 4152 reginae
867 4057 1027 4130 Isabellae
1057 4059 1153 4129 cirea

201 4170 336 4243 festum
359 4173 475 4244 sancti
495 4171 687 4245 Michaelis
711 4172 914 4244 itinerando
930 4170 1089 4243 venienti
1107 4170 1153 4241 ad

201 4296 360 4360 castrum
387 4288 431 4360 de
457 4288 572 4362 Ledes
597 4289 636 4360 in
660 4288 803 4376 Cantia,
822 4296 858 4360 et
883 4288 921 4359 in
948 4310 990 4359 eo
1015 4285 1153 4358 volenti
