3110 5026
364 601 433 672 186
616 621 843 671 cnnonrcon
864 601 1109 692 ssnnn1u1[
1094 601 1187 692 [ιιι
1205 604 1314 676 1348.

359 759 422 823 aut
448 749 599 822 domum
628 747 764 843 regiam
793 749 988 846 abjuraret,
1018 749 1220 824 constituto
1248 752 1315 824 do

359 866 458 938 mino
497 865 652 937 Ricardo
694 864 826 938 Talbot
868 866 1064 938 senescallo
1098 867 1240 954 domus,
1275 877 1314 941 et

359 981 468 1054 edicti
509 979 649 1077 praefati
691 989 850 1076 exequut
849 1006 923 1054 ore
992 980 1053 1054 Ad
1096 983 1313 1078 praedictum

359 1083 556 1169 concilium
587 1095 688 1170 venit
729 1097 879 1192 pacifice
922 1122 967 1169 ex
1008 1106 1110 1194 parte
1145 1097 1313 1172 Edwardi

359 1186 477 1300 Baliol
501 1211 595 1305 regis
620 1209 751 1285 Sootiae
776 1237 842 1308 per
866 1222 1123 1308 conquestum,
1133 1214 1255 1286 abbas.
1265 1214 1313 1288 de·

358 1327 631 1460 Donlermelyn
682 1327 874 1402 Venenmt
902 1329 1015 1402 etiam
1032 1329 1237 1425 episcopus
1267 1330 1313 1402 de

359 1443 485 1518 Mores
499 1453 537 1518 et
558 1445 751 1542 epiecopus
769 1444 1002 1518 Glascuensis
1020 1454 1058 1518 et
1073 1446 1148 1541 duo
1164 1443 1312 1533 milites,

360 1562 549 1635 offerentes
572 1561 861 1658 redemptionem
881 1586 949 1659 pro
971 1539 1092 1634 David
1116 1585 1201 1692 rege
1224 1561 1313 1635 Soo

360 1688 483 1751 torum
517 1687 636 1774 capto,
666 1679 797 1773 quibus
826 1679 896 1752 fuit
926 1701 1155 1775 responsum,
1190 1679 1313 1774 ipsum

358 1794 480 1867 David
508 1818 583 1868 non
612 1794 767 1868 fuisse
754 1818 835 1890 yure
864 1794 1012 1868 militari
1046 1793 1309 1881 redimendum,

359 1935 426 2007 pro
444 1934 493 1982 eo
516 1910 614 2005 quod
636 1910 803 1982 nonfuit
826 1919 954 2006 captus
978 1909 1071 1982 sicut
1090 1911 1213 2004 justus
1238 1911 1313 1982 bel-

358 2027 462 2113 lator,
490 2026 553 2120 qui
582 2026 762 2098 nullum
749 2050 833 2122 Jus
837 2027 1000 2100 habuit
990 2051 1029 2098 ιιι
1055 2049 1209 2156 regnum
1233 2025 1311 2098 An

358 2141 453 2238 gliae,
470 2141 534 2212 sed
556 2139 651 2213 sicut
671 2143 900 2219 truculentus
923 2143 1046 2238 praedo
1064 2142 1126 2236 qui
1142 2142 1312 2217 universa

360 2264 438 2354 quie
465 2258 585 2354 tetigit
610 2257 768 2334 vastavit
793 2259 937 2356 ignibus
963 2260 1130 2345 ειιιιιο,
1153 2258 1311 2346 olidae,

358 2383 401 2446 ιιι
421 2375 492 2448 suit
476 2374 686 2471 stubjunct
686 2401 762 2463 um,
781 2377 945 2472 oportuit
966 2376 1089 2472 ipsum
1111 2376 1236 2471 gratiae
1254 2399 1310 2450 re-

359 2490 413 2587 gis
435 2490 576 2587 Angliae
602 2491 837 2578 submissum,
862 2491 985 2567 omnia
1009 2515 1075 2587 per
1099 2491 1222 2622 ipsum
1247 2490 1310 2564 de-

359 2617 499 2681 structa
526 2631 703 2704 reparare,
730 2618 775 2681 ut
809 2608 861 2683 sic
895 2617 1019 2705 posset
1052 2616 1132 2703 grat
1132 2608 1206 2686 iam
1234 2627 1311 2682 suae

357 2725 649 2822 redemptionis
640 2749 679 2797 ιιι
702 2735 902 2822 conspectu
918 2725 1017 2822 regio
1033 2725 1217 2822 reperire
1252 2725 1311 2798 Ab

358 2842 447 2939 ipsis
467 2843 579 2917 etiam
594 2842 732 2916 nuntiis
748 2843 989 2938 quaerebatur,
1006 2848 1132 2915 utrum
1149 2842 1195 2914 de
1210 2841 1311 2916 finali

358 2983 447 3055 pace
472 2959 643 3032 volebant
669 2966 843 3044 tractare3
875 2957 939 3030 sed
966 2956 1289 3088 respondebant
1259 2981 1311 3032 ers

358 3077 590 3149 commissam
606 3082 766 3171 potestat
766 3097 825 3148 em
842 3074 889 3146 ad
905 3081 1106 3146 tractatum
1118 3074 1218 3168 pacis
1235 3098 1311 3148 non

357 3192 513 3262 extendi
587 3189 726 3262 Ibidem
768 3213 891 3262 coram
933 3188 1081 3262 domino
1123 3187 1312 3263 Willelmo'

356 3304 505 3381 Trussel
533 3305 603 3377 fuit
632 3326 753 3377 comes
781 3304 826 3376 de
852 3303 960 3375 Ment
944 3310 1004 3398 tey
1031 3303 1173 3398 positus
1199 3305 1311 3380 ιιιιο-1

358 3421 466 3508 cinio,
484 3432 521 3494 et
546 3419 735 3493 convictus
760 3421 861 3516 quod
884 3428 1012 3494 contra
1036 3419 1248 3496 fidelitatem
1273 3431 1311 3496 et

356 3537 568 3632 homagium
590 3537 754 3632 juratum
779 3539 856 3634 regi
880 3537 1034 3634 Angliae,
1062 3537 1196 3613 iterum
1221 3562 1308 3614 con-

356 3664 413 3727 tra
446 3655 602 3727 eundem
635 3679 744 3728 suum
777 3656 968 3731 dominum
997 3678 1119 3751 regem
1148 3663 1309 3730 armatus

356 3770 537 3858 militavit,
565 3780 602 3844 et
628 3773 674 3845 ob
704 3772 774 3846 hoc
800 3782 939 3846 tractus
968 3784 1004 3846 et
1031 3793 1241 3866 suspensus,
1268 3771 1308 3846 in

343 3887 538 3983 ,quarteria
561 3887 678 3961 fuerat
701 3888 849 3962 divisus
902 3888 963 3962 Ad
989 3888 1087 3961 idem
1114 3887 1320 3963 concilium

357 4014 587 4081 accesserunt
604 4006 677 4078 duo
695 4007 845 4079 comites
869 4015 906 4078 et
928 4007 1001 4078 duo
1025 4004 1146 4078 clerici
1165 4004 1280 4082 missi
1287 4024 1310 4076 a

357 4125 493 4218 gremio
515 4125 714 4195 electorum
733 4123 827 4218 regis
843 4122 1079 4208 Alemanniae,
1098 4119 1309 4195 nuntiantes

357 4241 432 4334 regi
449 4241 553 4314 suam
570 4241 752 4336 passivam
769 4239 983 4314 electionem
1005 4241 1051 4312 ad
1075 4238 1211 4332 regiam
1231 4237 1308 4331 dig-
