3120 5008
348 607 418 680 148
596 629 824 679 cunourcou
844 628 1026 678 ornamur
1087 607 1296 700 [s.n.l340.

345 756 590 854 stipendiariis
633 756 907 852 displicuerunt.
977 755 1056 827 Rex
1099 757 1211 851 igitur
1252 757 1298 828 ad

345 871 552 946 Flandriam
578 895 755 958 reversuS,
777 872 878 944 venit
901 869 1132 956 Gandavum,
1156 870 1203 944 ad
1228 871 1297 943 lesss

344 995 426 1061 tum
474 988 591 1061 sancti
638 987 841 1074 Michaelis
882 988 947 1060 ubi
989 987 1051 1060 diu
1094 988 1297 1083 expectavit

344 1112 481 1199 treugae
511 1103 825 1176 confirmationem
853 1110 896 1201 et
929 1103 1123 1199 pecuniam
1153 1103 1297 1175 adfutu-

344 1242 436 1304 ram,
456 1243 536 1315 quae
562 1243 636 1291 non
659 1219 770 1291 venit.
824 1218 954 1292 Postea
980 1219 1193 1315 putantibus
1220 1243 1296 1290 om-

345 1333 453 1407 nibus
471 1334 636 1430 Anglieis
659 1335 935 1431 expectantibus
956 1335 995 1406 in
1013 1335 1189 1407 Gandavo
1213 1358 1297 1406 cum

346 1472 441 1546 rege,
485 1451 607 1548 ipsum
650 1451 785 1523 ibidem
825 1450 870 1523 ad
911 1450 1046 1523 festum
1085 1448 1298 1523 Nativitatis

347 1563 485 1639 Christi
514 1576 803 1662 expectaturum,
834 1590 909 1638 una
942 1565 1081 1639 dierum
1116 1589 1178 1637 rex
1213 1591 1299 1638 cum

346 1692 431 1756 octo
454 1683 499 1755 de
522 1684 609 1770 suis,
628 1684 768 1779 fingens
786 1684 933 1755 sevelis
956 1683 1114 1779 spatiari,
1132 1683 1298 1779 equitans

347 1806 499 1884 secreto,
522 1800 703 1895 nullisque
725 1799 961 1873 familiaribus
982 1790 1218 1895 praemonitiS,
1237 1823 1297 1870 ve-

347 1913 403 1986 nit
432 1912 650 2001 Selandiam,
676 1916 740 1987 ubi
763 1924 872 1988 nacto
895 1915 1051 2010 navigio,
1076 1924 1159 2010 post
1183 1915 1296 1988 trium

348 2027 490 2102 dierum
516 2037 553 2101 et
583 2031 736 2103 totidem
762 2032 927 2105 noctium
954 2031 1232 2127 navigationem,
1260 2031 1299 2102 in

347 2154 456 2218 nocte
473 2147 590 2219 sancti
606 2147 761 2220 Andreae
777 2148 873 2220 circa
890 2148 1152 2243 gallicantum,
1171 2147 1303 2220 turrim

348 2259 546 2333 londoniae
569 2286 635 2358 per
655 2287 786 2358 aquam
809 2262 969 2348 intravit,
988 2261 1110 2357 ipsum
1126 2261 1299 2335 comitan-

287 2447 292 2454 .
347 2375 447 2448 tibus
472 2377 605 2450 comite
621 2375 938 2474 Northamptonae‚
958 2387 994 2450 et
1016 2378 1165 2450 domino
1186 2376 1298 2449 Nico-

348 2491 407 2564 lao
424 2493 469 2565 de
486 2491 694 2591 Cantilupo,
714 2493 914 2589 Reginaldo
933 2495 976 2566 de
995 2493 1174 2580 Cobham,
1193 2493 1298 2588 AEgi-

349 2607 410 2682 dio
426 2608 472 2681 de
489 2607 735 2707 Bellocampo,
753 2609 778 2681 J
780 2634 896 2682 oanne
913 2610 958 2682 de
976 2608 1210 2707 Bellocampo
1233 2609 1299 2680 mi-

348 2722 485 2812 litibus,
505 2734 541 2797 et
559 2725 744 2798 Willelmo
762 2726 806 2798 de
825 2725 999 2823 Kyllesby
1015 2734 1052 2798 et
1069 2725 1238 2822 Philippo
1256 2725 1300 2795 de

348 2837 525 2914 Westone
543 2842 693 2917 clericis.
749 2841 881 2915 Statim
901 2843 939 2913 in
963 2864 1092 2914 aurora
1114 2840 1214 2912 misit
1236 2863 1299 2912 rex
1397 2922 1401 2928 ‚

349 2979 416 3051 pro
434 2957 660 3045 cancellario,
678 2957 912 3031 thesaurariis
929 2967 966 3029 et
979 2956 1192 3055 justiciariis
1213 2966 1300 3028 tunc

350 3070 548 3144 Londoniae
581 3073 831 3162 existentibus,
862 3084 898 3147 et
932 3073 1057 3147 statim
1089 3073 1301 3170 episcopum

351 3187 617 3264 cicestrensem
646 3193 850 3265 cancellarii
883 3191 1069 3288 dignitate,
1096 3200 1133 3264 et
1162 3191 1302 3288 episco-

350 3329 441 3401 pum
452 3303 737 3379 coventrensem
750 3309 795 3381 ab
806 3307 923 3381 officio
934 3305 1145 3381 thesaurarii
1158 3307 1301 3380 absolu-

350 3429 409 3493 tos
425 3421 543 3493 voluit
560 3422 701 3496 misisse
718 3423 757 3495 in
770 3423 987 3511 blandriam,
1007 3423 1302 3520 impignorandos

350 3559 418 3632 pro
444 3536 610 3633 pecunia,
636 3538 699 3611 sed
722 3537 959 3624 cicestrensis
982 3539 1152 3636 exposuit
1176 3538 1302 3611 sibiet

351 3652 427 3726 suis
440 3653 644 3750 periculum
657 3657 805 3730 canonis
819 3658 917 3753 quod
934 3657 1100 3729 imminet
1113 3657 1303 3753 episcopos

350 3767 668 3859 incarcerantibus,
681 3781 717 3846 et
730 3774 782 3847 sic
796 3773 893 3870 ipsos
905 3773 997 3847 turri
1010 3774 1108 3847 exire
1125 3771 1300 3869 permisit.

350 3883 580 3960 Justiciarios
596 3913 683 3962 vero
700 3892 866 3986 majores,
882 3891 1019 3964 scilicet
1037 3890 1225 3964 dominum
1238 3889 1263 3961 J
1264 3913 1303 3962 o-

351 4024 483 4075 annem
501 4004 545 4077 de
564 4003 731 4091 Stonore,
746 4006 936 4080 dominum
947 4006 990 4078 R.
1004 4008 1048 4079 de
1059 4005 1227 4102 Wyleby,
1240 4007 1302 4077 do·

351 4117 493 4191 minum
509 4118 737 4193 Willelmum
754 4121 799 4194 de
818 4121 1101 4209 Scharesheolle,
1119 4132 1156 4195 et
1178 4121 1304 4219 praeci-

350 4255 423 4326 pue
440 4233 629 4307 dominum
645 4233 840 4310 Nicolaum
860 4239 904 4312 de
921 4241 956 4312 la
975 4241 1109 4326 Beche,
1124 4241 1187 4336 qui
1204 4240 1305 4337 prius
