3110 5026
259 681 335 730 111.
351 657 474 748 1356.]
520 680 565 728 rr
585 677 713 728 aanor
733 677 780 727 nn
799 678 1040 728 swmrmorm.
1138 659 1211 730 253

257 807 451 905 dispositis*
468 807 626 894 aciebus,
649 831 779 880 aurora
803 805 1006 880 Dominicae
1031 808 1124 880 lucis
1150 833 1211 880 ru-

257 925 395 1010 tilante,
420 926 520 997 venit
546 924 592 996 ad
618 925 820 1021 principem
846 925 994 1020 quidam
1020 925 1213 998 cardinalis

256 1039 551 1135 Petragoriensis‚
571 1050 607 1112 et
633 1041 814 1134 adjuravit
840 1065 926 1112 eum
948 1065 1014 1136 per
1036 1042 1213 1114 honorem

255 1147 326 1226 Dei
350 1154 447 1250 passi
472 1155 649 1240 crucifixi,
669 1165 705 1226 et
729 1179 889 1226 amorem
906 1155 1069 1250 Virginis
1087 1157 1213 1229 matris

256 1273 347 1368 ejus,
367 1272 677 1367 reverentiamque
699 1272 800 1367 pacis
824 1271 1087 1360 ecclesiasticae,
1107 1267 1215 1369 a'tque

256 1388 473 1484 parcitatem
528 1387 712 1459 effusionis
765 1388 951 1484 sanguinis
1003 1387 1215 1476 Christiani,

258 1506 354 1601 quod
396 1507 556 1602 placeret
601 1504 669 1576 sibi
711 1505 849 1576 bellum
892 1506 1112 1601 suspendere
1151 1529 1218 1602 per

256 1630 400 1716 tempus
436 1645 508 1717 quo
543 1629 668 1716 posset
703 1629 859 1693 tractare
894 1621 938 1693 de
972 1643 1074 1717 pace,
1107 1646 1216 1717 quam

248 1733 426 1834 'promisit
459 1738 620 1810 suturam
649 1737 899 1810 honorabilem
932 1762 997 1834 per
1027 1761 1131 1811 suam
1160 1738 1217 1810 in-

259 1855 528 1942 tercessionem,
558 1853 588 1926 si
618 1861 741 1926 tamen
774 1854 995 1944 intercedere
1029 1855 1216 1950 permitte-

259 1979 370 2043 retur.
421 1970 595 2067 Princeps
617 1995 704 2044 vero
727 1971 829 2044 nulla
855 1970 999 2067 penitus
1026 1971 1219 2068 tyrannide.

257 2092 390 2170 tactus,
417 2109 485 2157 nec
510 2085 646 2157 bellum
674 2086 798 2157 timuit
823 2110 891 2159 nec
915 2112 1045 2183 pacem
1071 2111 1218 2161 recusa-

256 2201 322 2289 vit,
342 2200 406 2273 sed
429 2199 570 2295 praelati
593 2201 711 2272 sancti
732 2201 845 2295 patris
868 2203 1037 2296 petitioni
1054 2205 1218 2277 modeste

260 2315 528 2396 condescendit.
595 2313 705 2385 Unde
737 2339 803 2410 per
836 2323 953 2388 totam
986 2319 1091 2389 illam·
1117 2321 1241 2392 diem-

259 2435 479 2533 reparationi
507 2433 607 2530 pacis
635 2433 868 2528 assignatam,
896 2435 1010 2506 crevit
1037 2435 1217 2507 exercitus

259 2552 526 2648 Francigenum
540 2545 653 2623 ¹mille
679 2551 767 2623 viris
793 2575 977 2623 armorum
1003 2559 1040 2623 et
1063 2551 1218 2648 popula-

259 2671 356 2744 rium
390 2669 529 2765 ingenti
559 2667 807 2741 multitudine.
855 2665 912 2738 'In
944 2669 1112 2754 crastino
1150 2669 1218 2740 sci·

259 2787 346 2859 licet
381 2785 438 2859 die
472 2780 616 2870 Lunae·
633 2783 740 2856 rediit
775 2783 969 2857 cardinalis.
1005 2791 1134 2878 petens
1173 2808 1219 2856 ex

261 2913 365 2999 parte
391 2901 554 2974 coronati
581 2909 746 2997 treugam
771 2901 950 2987 annalem,
976 2924 1086 2994 quam
1110 2918 1219 2994 nega-

261 3019 316 3092 vit
358 3017 539 3112 princepe,
575 3024 697 3092 tamen
731 3017 776 3088 ad
812 3016 1005 3108 cardinalis
1046 3039 1218 3110 magnam

261 3127 473 3208 instantiam
503 3132 683 3204 concessit
717 3140 862 3228 treugas
893 3132 1055 3227 adusque
1083 3132 1220 3206 festum

261 3251 407 3324 Natalis
443 3245 582 3323 Christi
616 3249 819 3322 duraturas.
883 3248 1219 3346 Reversusitaque

263 3361 455 3440 cardinalis
481 3365 651 3462 poposcit
673 3389 694 3438 a
717 3375 889 3438 coronato
914 3365 1015 3462 pacis
1041 3365 1218 3453 inducias,

259 3483 366 3578 juxta
403 3481 676 3554 concessionem
710 3481 848 3554 domini
880 3481 1055 3577 principis
1090 3504 1219 3554 conce-

264 3596 411 3682 dendas,
440 3596 544 3691 cujus
572 3595 750 3692 petitioni,
782 3584 993 3670 marescallo
1021 3595 1219 3672 11001010-

264 3720 387 3786 monte
423 3735 636 3784 concessum
666 3713 828 3786 coronati
863 3713 1090 3801 admonente,
1122 3713 1222 3810 obje-

264 3827 394 3904 cerunt
429 3853 467 3902 se
502 3831 735 3902 marescallus
768 3829 1003 3918 Dawdenam,
1034 3829 1219 3904 Galfridus

265 3949 309 4020 de
340 3947 490 4044 Chamy
519 3955 556 4020 et
584 3945 748 4043 Douglas
781 3947 924 4034 Scotus,
956 3946 1087 4042 quibus
1118 3969 1221 4018 coro-

266 4071 373 4137 natus
406 4065 640 4137 vehementer
682 4065 844 4138 animum
886 4061 1084 4136 inclinavit.
1154 4061 1221 4136 Isti

265 4181 586 4277 prognosticamnt
613 4181 713 4277 quod
742 4182 787 4253 de
816 4178 1001 4274 communi
1028 4203 1138 4253 cursu
1161 4205 1220 4257 re.-

265 4321 348 4370 rum
372 4321 446 4382 non
469 4301 619 4395 possent
642 4298 787 4394 Anglici
812 4323 880 4394 pro
902 4306 993 4371 tunc
1015 4299 1220 4393 praevalere,
