3136 5016
424 629 472 700 60
688 649 912 699 cnnourcon
932 649 1115 698 carrium
1173 630 1375 720 [n.-n.‚1320

420 775 596 848 incendiis
630 776 786 871 patriam
818 784 1015 861 vastantes,
1050 799 1172 871 regem
1205 777 1373 850 infaustis

421 891 560 964 nuntiis
581 891 627 964 ad
651 891 788 988 proprii
810 893 911 986 regni
934 892 1128 964 tuitionem
1151 902 1373 978 revocantes,

420 1007 509 1103 ipsis
543 1031 618 1079 non
651 1007 727 1102 regi
762 1007 908 1095 obviam
941 1008 1006 1080 sed
1038 1032 1104 1104 per
1137 1009 1245 1082 aliam
1273 1011 1372 1082 viam

420 1124 572 1196 reversis
590 1124 629 1195 in
646 1123 830 1218 regionem
847 1147 962 1196 suam.

427 1293 428 1296 ,
470 1241 578 1312 Anno
600 1239 708 1325 1319,
729 1263 852 1311 mense
868 1238 983 1325 lunii,
1008 1262 1072 1312 rex
1089 1238 1230 1335 Angliae
1253 1249 1371 1313 trans·
1414 1288 1416 1292 .
1545 1233 1546 1312 ξ

418 1355 563 1429 fretavit
584 1379 777 1429 occurrens
794 1354 982 1427 Ambiauis
1006 1355 1262 1450 regiFranciae
1283 1355 1369 1428 Phi·
1545 1427 1546 1448 2

415 1473 528 1569 lippo,
556 1481 593 1545 et
621 1471 759 1566 recepit
788 1472 833 1544 ab
861 1495 904 1544 eo
932 1471 1147 1544 comitatum
1175 1470 1364 1559 Pontiniae,
1503 1487 1504 1490 ’
1545 1471 1546 1560 ᾗ

311 1675 315 1679 ἡ
419 1613 527 1683 quem
544 1587 712 1684 princeps
731 1585 922 1659 Gallorum
941 1586 981 1657 in
1001 1609 1067 1658 sua
1082 1586 1243 1660 vanitate
1259 1612 1369 1684 prop-

417 1713 473 1776 ter
489 1728 563 1776 non
581 1703 718 1776 sactum
734 1702 944 1798 homagium
961 1703 1165 1798 occupavit.

467 1819 575 1892 Anno
600 1818 737 1891 Christi
756 1819 853 1891 1320
876 1819 978 1915 regni
1000 1819 1093 1915 regis
1119 1821 1290 1894 Edwardi
1311 1845 1367 1894 se-

417 1935 528 2009 cundi
549 1938 646 2021 llto,
665 1935 780 2008 oritur
805 1935 900 2008 inter
924 1960 1046 2032 regem
1071 1944 1108 2008 et
1134 1960 1219 2009 suos
1243 1937 1366 2010 fideles

416 2076 462 2124 ex
493 2075 567 2123 una
600 2060 714 2148 parte,
746 2060 853 2147 atque
884 2053 1034 2125 comites
1064 2051 1299 2140 Herefordiae,
1329 2062 1366 2126 et

416 2165 635 2242 Lancastriae
658 2168 817 2264 aliosque
842 2169 994 2241 barones
1018 2193 1063 2241 ex
1085 2169 1236 2243 adverso
1260 2170 1367 2242 disci-

415 2284 517 2358 dium
550 2286 791 2373 lamentabile,
827 2285 968 2358 initiata
1006 2309 1162 2382 quoque
1191 2285 1262 2359 fuit
1303 2287 1366 2358 illa
1480 2373 1483 2378 Α
1545 2279 1546 2340 3

415 2425 546 2497 guerra
569 2402 752 2488 intestina,
771 2425 851 2497 quae
876 2402 921 2473 ab
947 2400 1097 2474 interitu
1117 2401 1296 2474 baronum
1319 2401 1366 2473 ad

414 2520 509 2615 regis
527 2520 791 2617 depositionem
812 2527 848 2591 et
870 2519 943 2592 fere
967 2520 1081 2592 totius
1102 2520 1287 2614 sanguinis
1308 2543 1364 2591 re-

415 2637 504 2732 galis
522 2637 837 2710 exheredationem
853 2635 1014 2709 inolevit.
1068 2634 1216 2732 Quippe
1239 2643 1365 2707 contra

333 2737 336 2744 ’
414 2751 610 2848 Hugonem
633 2755 669 2826 le
691 2751 896 2849 Despenser
919 2751 1048 2838 filium,
1066 2752 1159 2846 regis
1177 2752 1364 2824 camberli-

380 2905 381 2909 =
413 2894 515 2955 num,
533 2869 721 2942 incanduit
743 2869 918 2942 baronum
942 2866 1043 2962 regni
1066 2868 1191 2940 odium
1209 2893 1254 2940 ex
1270 2868 1362 2939 invi-

414 2985 474 3057 dia
491 2984 692 3057 subortum.
729 2983 892 3056 Fuerunt
908 2985 1003 3056 inter
1019 2984 1100 3056 illos
1118 2985 1181 3079 qui
1199 2985 1380 3057 dixerant

415 3100 612 3195 Hugonem
639 3101 794 3172 alterum
823 3125 956 3196 regem,
984 3101 1098 3172 immo
1125 3101 1218 3196 regis
1246 3110 1363 3174 recto-

414 3238 503 3300 rem,
538 3215 701 3287 animum
734 3217 901 3311 regalem,
936 3216 982 3289 ad
1024 3217 1137 3289 instar
1179 3217 1277 3289 Petri
1318 3218 1364 3289 de

415 3330 620 3404 Garestone
645 3332 859 3420 incantasse,
881 3343 918 3406 et
940 3335 985 3406 de
1008 3334 1101 3428 regis
1121 3333 1363 3407 familiaritate

412 3448 464 3520 ita
486 3450 770 3545 praesumpsisse,
790 3451 888 3545 quod
913 3451 1108 3522 nonnullos
1130 3451 1269 3522 nobiles
1291 3448 1361 3522 fre-

413 3573 565 3658 quenter
588 3589 609 3637 a
631 3567 724 3661 regis
741 3567 922 3660 colloquio
940 3575 1118 3653 arctaret3
1146 3567 1362 3662 quibusdam

413 3706 557 3776 quoque
598 3707 861 3779 nonnunquam
902 3707 969 3780 pro
1012 3684 1160 3756 diversis
1207 3684 1361 3778 negotiis

412 3798 550 3894 seipsos
577 3801 820 3895 tangentibus,
851 3824 973 3896 regem
999 3801 1277 3896 alloquentibus,
1306 3825 1362 3873 re·
1479 3852 1482 3857 -

412 3915 471 4010 gia
490 3915 711 4010 benignitate
731 3926 994 4014 praeoccupata,
1013 3917 1091 4013 ipse
1113 3918 1359 4013 responderet,

345 4027 350 4034 ’
412 4031 664 4128 responsiones
690 4056 764 4105 non
792 4042 933 4129 optatas
963 4034 1026 4106 sed
1056 4033 1223 4106 adversas
1252 4033 1360 4120 votiS,

410 4149 504 4245 regis
527 4150 781 4223 tantummodo
804 4151 1030 4247 praetendens
1055 4149 1359 4236 commoditatem,

412 4264 499 4360 ipsis
527 4264 743 4340 refunderet.
795 4265 906 4343 Talia,
922 4267 968 4339 de
993 4266 1163 4361 Hugonis
1188 4268 1283 4339 malo
1309 4267 1361 4339 sa-
