3118 5008
372 567 444 636 180.
618 583 1048 636 cnannrconeanrmnr
1107 558 1321 651 [aa-1347.

367 713 445 785 istae
461 710 780 807 initaespecialiter
802 734 847 782 ex
869 717 973 805 parte
994 732 1060 805 pro
1078 731 1162 804 rege
1179 707 1321 804 Angliae

367 825 676 921 comprehendant
687 832 802 897 totam
810 824 1017 898 Flandriam
1028 833 1066 896 et
1076 832 1210 896 terram
1218 823 1322 896 deLa

367 942 478 1029 Bene,
497 950 534 1014 et
550 941 675 1013 villam
695 939 827 1013 Calesii
848 949 884 1013 et
907 939 1111 1012 dominium
1128 941 1172 1012 de
1190 940 1321 1012 Merke

367 1059 466 1132 etde
486 1056 567 1154 Oye
584 1055 879 1130 cumterritoriis
893 1056 943 1129 eis
961 1055 1238 1152 pertinentibus
1256 1080 1322 1151 per

367 1174 566 1246 cardinales
577 1181 613 1245 et
624 1171 791 1244 dominos
802 1172 992 1267 utriusque
1006 1171 1150 1245 concilii
1162 1171 1320 1244 limitan-

367 1289 444 1361 dos.
497 1287 590 1360 Item
613 1286 652 1358 in
676 1287 812 1382 treugis
830 1286 904 1359 sint
921 1288 1183 1384 comprehensa
1200 1289 1327 1361 omnia.

365 1429 447 1500 quae
463 1429 528 1476 rex
545 1403 688 1499 Angliae
709 1413 746 1475 et
771 1403 828 1476 s'ui
854 1400 990 1475 subditi
1014 1404 1155 1499 sibique
1175 1403 1321 1498 coadju-

366 1529 493 1592 vantes
523 1529 568 1592 et.
589 1519 812 1592 adhaerentes
840 1528 966 1591 tenent
995 1519 1033 1592 in
1062 1519 1255 1605 Gasccnia,
1282 1519 1342 1592 ine

366 1635 553 1732 PeragorS,
575 1634 750 1722 Limosin,
776 1635 1147 1732 Caorsem'AgeneyS,
1168 1635 1320 1732 Peyton,

369 1750 576 1846 Sentoinge,
594 1759 631 1822 et
648 1759 804 1846 tangunt
822 1752 996 1824 ducatum
1011 1750 1184 1848 Gyennae.
1228 1751 1321 1825 Item
1378 1828 1380 1830 ,

366 1868 638 1965 omniaeornm:
649 1868 708 1939 vel
725 1867 769 1938 ab
788 1867 839 1940 eis
857 1869 1004 1940 detenta
1021 1868 1059 1940 in
1077 1868 1267 1940 Britannia
1283 1877 1320 1942 et

367 1983 592 2079 Burgundia
620 1991 657 2055 et
688 1983 818 2055 omnia
835 1983 905 2056 alia
929 1985 1150 2080 ubicumque
1176 1972 1320 2073 situata,

367 2111 405 2172 et
431 2099 554 2172 omnia
578 2098 673 2171 v'illae
698 2099 844 2196 praedia,
867 2110 986 2174 castra
1010 2109 1047 2174 et
1073 2101 1213 2188 catalla,
1232 2083 1322 2197 qao-

367 2215 790 2312 rumimpraesentiarum
801 2216 930 2290 habuit
942 2218 1211 2314 possessiones.
1228 2215 1323 2288 Item

368 2333 486 2405 securi
503 2332 577 2404 sint
593 2340 663 2429 'per
677 2333 791 2407 dictas
809 2341 953 2429 treugas
971 2340 1035 2406 rex'
1049 2332 1227 2420 Castellae,
1246 2334 1326 2405 dura

368 2451 585 2537 Brabantiae,
606 2450 681 2523 dux
700 2449 842 2538 Gelriae,
857 2459 893 2523 et
910 2451 1072 2524 marchio
1090 2449 1321 2534 Juliaeensis,

368 2566 538 2639 dominus
558 2565 722 2639 Ioannes
744 2567 794 2639 de'
813 2564 973 2639 Chalons
996 2565 1322 2662 Burgundinensis,

370 2706 504 2756 comes,
528 2683 573 2754 de
606 2681 848 2768 Novocastro,
885 2683 1054 2756 dominns
1090 2684 1138 2755 de.
1166 2681 1324 2776 Facony,

367 2798 569 2872 vicecomes
601 2799 645 2871 de
672 2797 794 2884 Usint,
824 2798 997 2895 dominus
1023 2798 1184 2871 Ioannes
1215 2796 1323 2868 ‹ras-

367 2923 549 3011 prement,
576 2914 745 2987 dominus
771 2913 952 2988 Robertus
983 2916 1027 2987 de
1056 2913 1228 3000 Namare,
1258 2913 1322 2984 do-

368 3030 490 3102 minus
525 3029 709 3102 Henricus
752 3030 804 3102 de.
839 3029 1050 3117 Flaundres,
1085 3040 1121 3101 et
1164 3028 1324 3124 popalus

369 3144 556 3229 Flandriae‚
579 3153 625 3216 et.
638 3145 756 3240 patria
777 3144 822 3216 de
844 3145 880 3216 la
902 3144 1014 3230 Bene,
1033 3153 1070 3215 et
1091 3167 1178 3238 gens
1196 3143 1326 3216 Hanc-

369 3257 449 3329 niae.
502 3256 597 3329 Item
622 3259 805 3330 dominus,
820 3259 864 3330 de
891 3258 1039 3331 Libreto
1066 3257 1104 3329 in
1127 3256 1322 3332 Gasconia.

370 3372 586 3448 Itemheres
604 3372 742 3444 domini
759 3372 785 3445 J
786 3374 912 3446 oannis
936 3374 989 3446 de,
1005 3373 1206 3458 Britannia,
1223 3374 1340 3448 Nadr

370 3514 485 3586 geres,
498 3512 619 3562 comes
646 3488 694 3563 da
715 3488 918 3578 Monticrd,
946 3499 982 3563 et
1010 3491 1088 3563 dux
1112 3490 1324 3578 Britannia,

371 3605 518 3680 domina
547 3605 592 3676 de
623 3603 805 3692 Clissoun,
834 3607 1004 3680 dominus
1034 3605 1249 3702 Radulphus
1279 3606 1325 3678 de

372 3720 632 3807 Conrs,.etiam
648 3720 865 3809 Januenses,
885 3732 922 3795 et
942 3746 1068 3796 omnes
1092 3722 1153 3794 alii
1177 3721 1325 3809 subditi,

372 3837 507 3926 affines,
526 3837 765 3933 coadjutores
783 3847 819 3910 et
844 3838 1067 3928 adhaerentes
1084 3836 1232 3911 domino
1249 3837 1326 3932 regi

372 3953 524 4050 Angliae,
546 3953 807 4049 cujuscumque
833 3952 1052 4027 conditionis
1079 3977 1142 4026 seu
1168 3952 1326 4026 nationis

371 4071 583 4169 extiterunt.
635 4069 693 4142 Ex
716 4069 867 4142 adverso
889 4094 957 4165 pro
979 4079 1082 4166 parte
1105 4069 1198 4163 regis
1215 4067 1327 4140 Fran·

372 4187 448 4274 ciae,
471 4185 723 4281 comprehensi
748 4184 821 4257 sint
847 4209 912 4280 per
937 4194 1081 4282 treugas
1107 4183 1341 4258 securitandi=
