3118 5008
266 667 342 716 run.
356 645 479 736 1326]
524 669 570 716 nn
590 668 718 717 aaran
737 667 785 715 oa
803 667 1046 716 swrnarorrr.
1167 645 1215 718 89

264 794 376 866 leaena
398 817 585 868 recurrens
608 793 656 866 ad
677 793 870 867 consilium
891 795 949 866 sui
973 791 1134 888 magistri
1159 816 1217 864 sa·

263 910 420 983 cerdotis
439 911 531 982 Baal
552 909 650 981 illius
668 908 969 996 Herefordiensis,
988 909 1034 980 ab
1057 907 1137 1004 ipso
1160 931 1216 979 re-

263 1025 361 1122 cepit
383 1026 505 1122 ipsum
525 1049 753 1121 responsum,
773 1025 871 1120 quod
889 1034 985 1097 certe
1002 1023 1216 1120 sanguinem

264 1141 383 1237 tetigit
400 1143 547 1236 quando
568 1164 690 1214 comes
710 1140 889 1213 Edwardo
912 1165 979 1214 suo
1001 1139 1216 1235 consangui-

262 1279 334 1330 neo
360 1258 659 1354 compatiebatur.
713 1255 915 1330 Constituit
935 1257 1046 1352 igitur
1067 1256 1217 1329 foemina

263 1372 421 1446 crudelis
447 1398 492 1446 ex
518 1373 746 1446 ordinatione
771 1373 935 1469 magistri
960 1373 1018 1446 sui
1043 1373 1117 1445 doli
1142 1373 1217 1468 epi-

263 1489 368 1584 scopi
397 1489 573 1586 praedicti,
602 1489 701 1586 quod
727 1488 887 1561 Thomas
916 1490 960 1560 de
988 1487 1152 1584 Corneye
1182 1497 1218 1560 et

246 1604 425 1678 ›Joannes
450 1605 681 1693 Maltravers,
709 1606 783 1678 duo
809 1605 942 1678 milites
968 1629 1136 1700 nequam,
1163 1605 1218 1700 ip-

264 1745 347 1794 sum
367 1721 586 1795 Edwardum
606 1722 651 1794 de
671 1721 837 1794 custodia
853 1720 996 1794 comitis
1013 1719 1218 1793 leicestriae
1272 1713 1276 1718 ’

263 1845 452 1933 receptum
474 1839 648 1910 ducerent
674 1861 747 1932 quo
769 1837 917 1924 vellent,
941 1838 992 1909 ita
1015 1836 1113 1933 quod
1136 1837 1217 1908 nul·

263 1954 321 2025 lus
346 1954 403 2025 sui
428 1954 638 2041 benevolus,
658 1977 722 2025 seu
748 1953 957 2026 indifferens
984 1977 1139 2049 persona
1161 1953 1217 2049 ip-

262 2093 345 2141 sum
370 2070 480 2142 libere
506 2070 633 2156 adiret,
657 2072 716 2142 vel
741 2070 850 2144 sciret
874 2070 938 2143 ubi
963 2071 1025 2143 diu
1049 2069 1217 2165 perendi-

263 2195 376 2258 naret.
426 2185 498 2258 His
528 2186 671 2258 duobus
704 2186 936 2282 nequissimis
971 2187 1217 2282 proditoribus

263 2301 380 2374 fuerat
396 2302 635 2374 commissum
653 2301 868 2374 auctoritate
890 2301 1093 2397 principali,
1111 2311 1154 2375 ut
1178 2303 1217 2374 in

263 2442 532 2514 quamcumque
555 2417 658 2512 regni
679 2417 824 2513 plagam
847 2417 1080 2504 declinarent,
1100 2418 1218 2490 omnis

263 2533 444 2620 fortalicii,
466 2534 588 2618 castri,
613 2557 678 2604 seu
700 2533 808 2617 villae,
826 2531 1001 2626 quamdiu
1026 2531 1114 2628 ipsis
1140 2531 1217 2628 pla-

263 2658 374 2736 ceret,
399 2657 435 2721 et
461 2648 777 2744 quandocumque,
804 2646 1007 2726 custodiam
1031 2647 1217 2734 haberent,

264 2765 425 2860 quolibet
443 2765 487 2837 de
505 2788 616 2859 regno
634 2765 702 2836 sub
721 2787 833 2860 poena
850 2762 1117 2836 confiscationis
1135 2786 1218 2836 cen·

264 2905 327 2954 sus
354 2891 391 2954 et
417 2882 515 2966 vitae,
545 2880 729 2977 prohibito
756 2880 1005 2954 contravenire
1031 2881 1141 2976 hujus
1166 2882 1219 2953 rei

264 2999 448 3072 mandato.
500 2998 679 3071 Educitur
708 3000 753 3071 de
783 3007 891 3072 nocte
920 3023 942 3070 a
969 2996 1219 3071 Kenilwortha

264 3115 462 3189 Edwardus
479 3117 573 3189 inter
591 3116 770 3203 inimicos,
789 3139 938 3189 securus
956 3116 1001 3188 de
1017 3115 1093 3188 vita
1109 3117 1218 3212 plena

265 3233 411 3321 doloriS,
447 3233 566 3330 primo
601 3233 647 3306 ad
681 3241 842 3306 castrum
877 3233 921 3306 de
954 3231 1055 3319 Corf,
1088 3233 1217 3306 deinde

265 3348 427 3422 Bristolli
444 3350 608 3422 reclusus
626 3373 692 3445 per
709 3357 852 3446 tempus
865 3349 1011 3444 aliquod
1029 3349 1067 3420 in
1084 3357 1215 3436 castro,

266 3491 455 3563 quousque
488 3468 578 3540 illud
610 3468 704 3540 foret
732 3467 949 3563 quibusdam
977 3468 1217 3564 burgensibus

266 3583 311 3656 de
336 3581 422 3654 villa
446 3591 588 3671 notum,
607 3583 670 3678 qui
694 3584 742 3656 ad
766 3584 881 3680 ipsius
904 3583 1156 3656 liberationem
1180 3594 1218 3657 et

265 3698 522 3772 abductionem
544 3699 583 3771 in
604 3711 726 3796 partes
748 3700 1005 3773 transmarinas
1023 3725 1134 3796 quam
1150 3725 1216 3797 op-

267 3816 366 3889 tabat
400 3841 438 3889 se
473 3817 723 3913 disponebant,
760 3841 915 3913 quorum
949 3819 1141 3891 consilium
1174 3827 1217 3890 ut

265 3934 425 4029 primum
441 3935 602 4008 innotuit
619 3935 830 4008 custodibus
846 3933 1026 4021 Edwardi,
1045 3936 1112 4007 sub
1130 3957 1217 4005 noc·

267 4051 313 4123 tis
331 4052 520 4148 cujusdam
538 4077 652 4149 opaco
670 4053 825 4139 silentio,
845 4053 966 4148 ipsum
988 4053 1032 4123 de
1052 4052 1134 4122 loco
1154 4048 1217 4120 illo

266 4167 494 4241 Berkeleiam
511 4169 750 4242 abduxerunt.
800 4167 1071 4241 Inhumanitate
1089 4164 1216 4257 majori

266 4309 375 4379 quam
392 4286 507 4359 lerina
519 4286 737 4360 Edwardum
756 4287 812 4358 sui
830 4294 985 4358 tortores
1004 4290 1214 4368 tractavere,
