3118 5008
377 611 446 686 102
624 633 851 684 cnaoumon
872 633 1055 683 onornnu
1114 610 1329 702 [n.n.l327.

374 760 419 832 de
435 758 587 832 Francia
608 759 763 845 rediens
782 759 828 832 ad
851 783 978 855 pacem
995 758 1238 856 Anglicorum
1260 759 1334 833 Dei

374 876 509 949 auxilio
536 885 573 948 et
601 876 695 972 regis
722 875 868 976 Angliae
889 874 1057 949 Edwardi
1086 877 1198 964 tertii,
1225 877 1331 972 cujus

366 991 500 1064 inclita
522 1000 623 1087 gesta
645 989 848 1064 describere
870 990 1106 1079 intendimus,
1127 992 1331 1089 dissipavit,

376 1117 419 1180 ut
435 1107 529 1181 infra
544 1107 689 1204 plenius
706 1107 859 1180 dicetur.
1146 1097 1154 1113 ’

427 1223 537 1296 Anno
584 1221 733 1296 Domini
784 1222 878 1298 1327
927 1223 1015 1296 dicti
1062 1221 1233 1310 Joannis,
1271 1223 1329 1312 12,

378 1348 415 1411 et
453 1338 622 1412 Edwardi
655 1338 750 1435 regis
788 1339 886 1412 tertii
923 1361 1019 1412 anno
1051 1339 1181 1436 prim0,
1217 1338 1330 1413 Caro-

377 1456 436 1528 lus
465 1479 529 1528 rex
558 1454 731 1540 Francius,
762 1455 965 1527 avunculus
994 1455 1089 1550 regis
1119 1444 1261 1550 Angliac
1295 1463 1331 1527 et

257 1567 265 1573 ’
378 1593 569 1666 gennanus
595 1570 767 1656 isabella,
796 1570 922 1643 matris
949 1569 1056 1666 regis,
1084 1569 1213 1643 tertius
1239 1593 1329 1666 quo·

378 1709 449 1782 qua
477 1686 626 1758 illorum
655 1685 770 1758 trium
799 1686 954 1758 fratrum
983 1686 1047 1783 qui
1075 1694 1160 1782 post
1191 1685 1332 1759 obitum

377 1802 525 1874 illorum
541 1801 654 1897 patris
671 1801 833 1897 Philippi
855 1803 889 1875 le
912 1802 1019 1876 Beals
1039 1802 1145 1898 regis,
1164 1802 1203 1876 in
1220 1801 1332 1875 Fran·

378 1917 435 1990 cia
451 1917 654 1990 successive
671 1926 881 2012 regnarunt,
900 1918 998 1990 viam
1014 1917 1193 1990 universa
1212 1917 1332 1990 carnis

377 2040 432 2105 est
448 2030 643 2136 ingressus.
684 2031 743 2104 [lli
760 2034 934 2106 successit
951 2033 989 2105 in
1006 2055 1117 2128 regno
1136 2032 1329 2129 Philippus

377 2148 422 2220 de
447 2145 606 2235 Valesio,
634 2149 731 2222 filius
758 2150 879 2245 patrui
910 2149 967 2222 sui
995 2148 1116 2222 Caroli
1145 2149 1330 2222 traditoris

378 2285 488 2358 supra
511 2261 693 2359 descripti.
723 2263 830 2338 ‹Hoc
853 2289 948 2338 anno
974 2253 1013 2338 in
1035 2265 1219 2362 quindena
1243 2264 1333 2340 Pas-

378 2378 455 2451 chae
483 2379 664 2453 celebrato
690 2381 785 2476 regis
812 2380 960 2454 nomine
989 2382 1053 2454 sed
1082 2404 1157 2454 non
1186 2381 1332 2477 ingenio

378 2495 619 2591 parliamento
634 2494 978 2592 ,Northamptoniaa
1005 2494 1101 2568 facta
1130 2504 1185 2568 est
1215 2494 1333 2591 turpis

377 2635 451 2707 pax
478 2612 572 2686 inter
599 2611 772 2707 Anglicos
798 2621 835 2684 et
862 2611 1003 2698 Scotos,
1031 2620 1209 2684 convento
1236 2611 1333 2685 inter

378 2727 472 2816 illos,
508 2729 608 2826 quod
639 2727 760 2801 David
792 2729 889 2801 filins
924 2727 1074 2801 Roberti
1111 2728 1147 2800 le
1186 2727 1333 2824 Bruyus

379 2845 573 2941 adoptatus
595 2855 639 2918 ut
661 2844 895 2941 praediximus
918 2845 957 2917 in
980 2867 1102 2940 regem
1124 2842 1331 2932 Scotorum,

379 2961 562 3033 dominam
588 2959 772 3033 Joannam
798 2984 958 3033 sororem
985 2960 1080 3055 regis
1097 2959 1239 3055 Angliae
1264 2960 1333 3034 du·

379 3084 477 3149 cerat
499 3076 537 3148 in
560 3099 723 3163 uxorem,
743 3085 780 3148 ct
796 3076 947 3172 pacifice
970 3100 1056 3149 curn
1078 3076 1141 3150 illa
1162 3086 1332 3172 regnaret

379 3214 446 3264 suo
466 3190 548 3285 jure
571 3213 681 3286 super
699 3191 840 3278 Scotos,
860 3193 957 3288 quod
978 3202 1015 3265 et
1036 3200 1162 3289 postca
1181 3193 1333 3266 effeetus

380 3305 608 3401 sequebatur.
660 3305 799 3380 Eodem
822 3332 966 3404 quoque
989 3331 1085 3381 anno
1107 3332 1172 3381 rex
1188 3307 1331 3404 Anglioe

376 3422 533 3517 juvenis,
560 3446 635 3494 non
661 3447 787 3520 regens
813 3448 881 3498 nec
906 3426 997 3498 bene
1022 3433 1155 3513 rectus,
1178 3425 1243 3498 sed
1266 3450 1333 3521 per

235 3538 240 3544 ’
379 3539 581 3635 proditores
608 3542 751 3628 ductus,
779 3542 866 3616 fecit
893 3541 1011 3616 Scotis
1037 3542 1201 3614 chartam
1226 3542 1332 3638 cujus

380 3656 515 3729 tenoris
532 3665 570 3728 et
588 3657 819 3732 continentias
837 3659 946 3734 series
964 3657 1208 3731 communiter
1229 3656 1332 3753 igno-

311 3841 314 3852 ,
379 3781 491 3859 ratur,
519 3782 556 3845 et
581 3775 682 3870 prior
710 3776 835 3850 charta
863 3799 928 3872 per
953 3797 1063 3869 quam
1088 3773 1332 3846 communitas

379 3886 585 3976 Scotorum,
616 3916 691 3966 una
721 3916 806 3965 cum
836 3913 919 3984 rege
948 3887 1091 3961 Joanne
1120 3887 1165 3958 de
1199 3885 1330 3976 Baliol,

377 4029 444 4100 pro
461 4005 550 4102 ipsis
567 4016 604 4079 ct
621 4029 748 4080 corum
765 4003 1033 4079 successoribus
1053 4002 1092 4074 in
1112 4011 1333 4099 perpetuum

376 4120 514 4217 seipsos
541 4120 615 4215 regi
640 4119 780 4214 Angliae
806 4117 1063 4204 submiserunt,
1091 4126 1127 4192 et
1154 4119 1193 4191 in
1220 4119 1331 4214 hujus

371 4236 637 4319 testimonium,
665 4231 760 4328 regis
787 4231 918 4306 Scotiae
945 4232 1116 4328 sigillum,
1143 4257 1329 4308 unacum
