3118 5008
243 698 316 745 An.
329 676 448 765 1338]
495 699 539 746 nn
553 699 687 746 omma
706 699 753 745 nn
774 698 1014 746 swmnnoun.
1120 670 1191 747 133

241 819 383 895 illarum
406 824 574 919 partium,
595 825 657 919 qui
680 847 804 897 omnes
828 819 896 896 sibi
918 824 1130 896 fidelitatem
1154 834 1189 896 et

240 951 416 1010 armatam
442 939 648 1011 comitivam
676 948 803 1013 contra
828 963 1077 1035 quoscumque
1104 963 1189 1019 suos

239 1057 460 1130 adversarios
477 1059 804 1153 compromiserunt
822 1059 889 1130 sub
902 1057 1078 1153 juratoria
1103 1082 1207 1157 cau-l

238 1171 348 1256 tione,
376 1173 465 1245 dum
492 1181 614 1243 tamen
647 1173 722 1244 suis
757 1171 944 1267 stipendiis
978 1172 1187 1244 militarent.

238 1288 370 1360 Postea
387 1313 450 1360 rex
469 1287 660 1359 Coloniam
677 1286 800 1372 adivit,
812 1287 875 1358 ubi
892 1311 977 1360 cum
994 1287 1188 1360 Ludowico

238 1405 332 1477 duce
349 1405 522 1490 Bavariae,
535 1403 598 1504 qui
616 1426 653 1475 se
672 1402 762 1474 dixit
780 1427 902 1497 regem
912 1401 1134 1474 Alemanniae
1152 1411 1189 1475 et

238 1517 492 1615 imperatorem
509 1519 769 1605 Romanorum,
793 1518 917 1591 habito
943 1528 1111 1607 tractatu,
1134 1545 1189 1592 re-

239 1637 306 1711 diit
332 1635 579 1720 Brabantiam,
598 1645 635 1707 et
661 1635 700 1706 in
724 1635 810 1707 villa
836 1635 880 1707 de
907 1636 1108 1732 Andewerp
1135 1662 1189 1709 re-

239 1753 372 1824 mansit
389 1752 435 1824 ad
453 1760 609 1847 tempus.
658 1750 797 1822 Iterum
814 1777 897 1824 cum
916 1752 1089 1848 praedicto
1108 1777 1191 1848 rege

240 1868 463 1940 Alemanniae
474 1893 538 1940 rex
549 1868 792 1962 colloquatur,
808 1876 916 1962 atque
927 1868 1085 1940 amicitia
1095 1869 1190 1942 inter

240 1983 337 2078 ipsos
355 1985 576 2070 confirmata,
596 1983 710 2056 rediit
727 1983 772 2057 ad
795 1983 951 2056 Malines
969 1985 1008 2056 in
1025 1983 1188 2060 Braban-

239 2098 300 2170 tia.
352 2099 560 2172 Cardinales
582 2123 667 2170 vero
686 2107 722 2170 et
739 2099 899 2195 episcopi
917 2099 1188 2174 Cantuariensis

239 2222 275 2285 et
302 2212 557 2286 Dunelmensis
587 2213 722 2286 reversi
751 2214 795 2285 de
825 2216 1015 2309 praesentia
1044 2218 1189 2310 tyranni

238 2328 472 2415 Francorum,
497 2330 536 2400 in
560 2328 706 2399 civitate
729 2328 960 2399 Atrabatensi
983 2353 1102 2422 regem
1126 2355 1188 2403 ex-

239 2454 442 2541 pactarunt.

290 2560 366 2631 Isto
401 2584 496 2632 anno
527 2561 565 2630 in
595 2559 751 2655 quodam
780 2561 933 2633 concilio
963 2585 1028 2657 per
1057 2562 1188 2635 ducem

240 2675 437 2748 Cornubiae
463 2675 564 2770 regni
591 2675 780 2748 custodem
803 2685 839 2748 et
861 2678 1029 2772 praelatos
1053 2703 1188 2752 convo-

238 2801 321 2865 cato
344 2801 380 2867 et
403 2793 568 2877 barones,
588 2815 759 2863 concessa
778 2791 848 2864 fuit
868 2793 944 2887 regi
966 2795 1048 2864 lana
1070 2819 1188 2892 popu-

237 2910 370 2981 larium
385 2933 451 3005 per
467 2931 528 2979 eos
546 2907 609 3003 qui
626 2906 773 2980 fuerunt
790 2907 840 2979 ibi
857 2917 1064 3004 praesentes.
1116 2911 1187 2982 Ite-

238 3049 393 3122 rumque
417 3024 524 3112 clero,
544 3032 633 3095 tunc
650 3023 809 3109 absente,
829 3024 1032 3096 coadunato
1050 3025 1095 3097 ad
1112 3025 1186 3122 pri-

238 3167 341 3232 mum
364 3142 459 3214 diem
482 3141 617 3214 mensis
642 3139 824 3226 Octobris,
849 3152 1105 3214 concesserunt
1128 3167 1187 3216 ec-

237 3259 428 3331 clesiastici
447 3283 559 3330 unam
580 3257 758 3331 decimam
775 3281 842 3352 pro
860 3281 955 3329 anno
973 3259 1081 3331 tertio
1098 3268 1188 3334 tune

239 3383 421 3470 sequente,
435 3374 498 3445 sed
517 3373 735 3445 solutionem
748 3372 925 3459 lanarum,
941 3398 1051 3468 quarn
1068 3399 1186 3471 popu.

236 3490 329 3561 lares
346 3489 589 3585 praebuerunt,
608 3489 678 3583 ipsi
697 3487 916 3560 unanimiter
932 3501 1166 3584 negaverunt.

253 3649 258 3654 -
288 3603 396 3674 Anno
412 3603 562 3673 Domini
583 3605 690 3687 1338,
709 3610 751 3673 ut
771 3603 999 3695 praemissum
1017 3614 1082 3691 est,
1102 3631 1185 3680 curn

237 3718 391 3790 ducibus
426 3716 598 3802 Bavariae,
635 3715 851 3802 Brabantiae,
883 3727 920 3790 et
950 3719 1028 3792 aliis
1059 3723 1185 3796 amieis

236 3835 321 3921 suis,
349 3859 432 3929 rege
458 3832 598 3928 Angliae
626 3832 670 3904 de
698 3832 980 3928 prosequutione
1010 3837 1066 3908 sui
1092 3839 1185 3932 juris

230 3950 281 4023 ,ad
298 3974 451 4044 regnum
464 3948 624 4022 Franciaa
642 3947 867 4043 disponente,
886 3958 1061 4045 tyrannus
1074 3951 1185 4023 Fran-

236 4088 362 4137 corum
384 4064 560 4137 malitiam
583 4089 604 4136 a
627 4064 690 4136 diu
713 4074 938 4161 conceptam,
959 4067 1003 4136 de
1023 4066 1184 4137 exinani-

234 4181 333 4259 tione
359 4181 460 4275 regni
487 4181 640 4275 Angliae,
667 4181 858 4253 intendens
889 4203 1067 4264 evomere,
1097 4204 1183 4252 con-

234 4295 363 4402 ductos
391 4293 593 4377 Januenses
627 4295 763 4389 piratas
797 4294 960 4371 crudeles
989 4294 1089 4367 misit
1116 4321 1184 4392 pro
1283 4393 1284 4398 ἵ
