3136 5016
474 659 542 730 ‚na
563 658 690 706 1111111111
708 657 755 704 na
775 656 1012 705 swrnnnoxn.
1184 634 1233 703 33

327 782 424 854 Α.Ι).
457 783 564 855 1166.
617 782 653 853 Α
683 781 872 856 nativitate
901 781 1081 855 Johannis
1111 781 1232 854 fratris

260 899 371 994 ¹regis
393 897 550 972 Ricardi.
603 899 743 971 Eodem
765 923 861 971 anno
884 897 1048 971 Matildis
1075 899 1229 995 impera-

278 1016 349 1086 trix
366 1015 441 1087 filia
458 1015 550 1110 regis
569 1014 718 1088 Henrici
736 1015 856 1111 primi,
875 1013 1132 1087 obiit--l
1143 1017 1201 1086 81.

326 1129 424 1202 Α.Ι).
449 1131 556 1202 1170.
599 1130 635 1202 Α
652 1132 885 1203 coronatione
902 1129 1054 1204 Henrici
1074 1131 1230 1226 junioris

277 1253 404 1316 contra
433 1244 687 1317 inhibitionem
717 1247 833 1318 sancti
866 1246 1016 1319 Thomae
1046 1245 1226 1341 martyris.

277 1357 417 1432 Eodem
430 1383 524 1431 anno
538 1359 647 1456 Angli
665 1361 897 1433 venerantia
914 1362 1231 1434 Hibemiam--

282 1474 363 1550 177.
818 1528 820 1531 -

327 1591 423 1666 Α.Ι).
447 1595 553 1664 1183.
590 1592 648 1664 Ab
666 1593 768 1665 obitu
787 1595 948 1689 ejusdem
966 1594 1060 1689 regis
1078 1593 1228 1667 Henrici

272 1708 439 1803 junioris
464 1709 526 1805 qui
552 1709 735 1782 Henricus
763 1711 891 1784 tertius
919 1711 1231 1784 nominatur-—

280 1825 362 1898 164.

324 1941 420 2014 Α.Ι).
444 1946 550 2018 1189.
586 1944 646 2016 Ab
664 1944 878 2038 obitu'regis
896 1943 1047 2017 Henrici
1065 1945 1230 2034 secundi

276 2081 389 2154 quum
406 2068 592 2154 regnasset
608 2061 658 2131 35
676 2059 791 2146 annio,
810 2063 835 2131 3
853 2060 1050 2132 mensibus.
1088 2059 1229 2132 Eodem

275 2199 370 2248 anno
398 2185 593 2250 coronatur
620 2201 685 2248 rex
711 2176 888 2251 Ricardus
918 2178 1015 2274 apud
1043 2175 1228 2250 Westmo·
1365 2251 1371 2262 ,

275 2293 473 2366 nasterium
594 2304 616 2334 *
680 2295 760 2364 158.

324 2408 419 2481 Α.Ι).
444 2412 551 2484 1193.
595 2409 631 2480 Α
658 2409 825 2504 captione
853 2409 1014 2504 ejusdem
1042 2408 1137 2504 regis
1164 2409 1228 2480 Ri-

275 2523 374 2596 cardi
390 2549 455 2620 per
472 2525 604 2597 ducem
621 2524 778 2598 Austriae
803 2524 841 2596 in
861 2523 1228 2596 Alamannia—--

281 2641 364 2710 154.

325 2754 421 2828 Α.Ι).
441 2754 547 2830 1194.
574 2753 610 2824 Α
628 2754 786 2826 secunda
803 2753 1035 2827 coronatione
1053 2753 1227 2849 ejusdem,

275 2896 389 2968 quum
412 2881 508 2945 esset
532 2895 553 2944 a
576 2869 742 2945 custodia
767 2871 921 2956 solutus,
940 2879 977 2942 et
1003 2869 1041 2941 in
1058 2869 1229 2966 Angliam

274 3011 451 3075 reversus
481 2989 574 3061 datis
608 2987 819 3083 imperatori
853 2986 1051 3072 obsidibus,
1079 2996 1227 3059 etcen-

273 3114 352 3177 tum
370 3105 528 3178 millibus
546 3127 751 3177 marcarum
957 3102 1040 3175 153.

322 3220 419 3294 Α.Ι).
461 3224 566 3296 1199.
637 3219 696 3295 Ab
731 3220 834 3293 obitu
868 3220 1032 3315 ejusdem
1066 3219 1225 3308 Ricardi,

274 3364 387 3435 quum
422 3345 615 3438 'regnasset
650 3341 671 3412 9
707 3338 823 3423 annis,
859 3346 896 3410 et
930 3338 1045 3434 apud.
1072 3337 1226 3412 Fontem

276 3455 429 3528 Ebrardi
471 3456 653 3552 sepelitur.
722 3453 861 3526 Eodem
895 3478 991 3525 anno
1031 3463 1227 3528 coronatur

273 3571 460 3644 Johannes
489 3572 600 3645 frater
627 3571 704 3666 ejus
735 3570 832 3666 apud
859 3569 1226 3646 Westmonasterium

273 3690 559 3759 ---148.
1109 3743 1110 3746 ,

324 3804 420 3876 Α.Ι).
441 3803 548 3879 1207.
574 3803 610 3874 Α
624 3803 812 3877 nativitate
830 3803 923 3898 regis
941 3802 1093 3876 Henrici
1107 3803 1226 3900 quarti

274 3921 339 3992 filii
355 3921 448 4017 regis
466 3919 656 3993 Johannis.
699 3919 748 3993 Et
765 3920 931 4016 proximo
949 3945 1044 3994 anno
1062 3919 1227 4016 sequenti

276 4039 439 4132 generale
466 4037 700 4111 interdictum
725 4037 764 4108 in
780 4035 914 4142 Anglia
939 4037 1227 4133 incepit-

281 4156 361 4225 140.

327 4271 419 4344 Α.Ι).
443 4272 550 4346 1214.
594 4273 630 4344 Α
664 4273 884 4345 relaxatione
919 4270 1081 4366 ejusdem
1116 4269 1225 4341 inter-

741 4412 761 4458 c
