3118 5008
384 637 452 706 154
630 655 855 706 crrnourcou
875 657 1059 706 saturum
1117 638 1330 728 [r.n.1344.

377 784 536 855 valorem
571 792 719 855 centum
753 782 1012 878 sterlingorum
1041 786 1101 857 vel
1134 807 1245 882 supra
1284 787 1330 858 de

299 896 310 916 “
377 899 457 994 ipso
480 898 519 971 in
542 898 672 995 capite,
691 921 755 972 seu
779 900 823 971 de
846 924 1077 996 quocumque
1099 900 1253 974 feodalia
1274 912 1329 975 te-

378 1025 517 1101 nerent,
535 1025 571 1088 et
589 1039 716 1092 eorum
732 1017 880 1089 nomina
903 1017 941 1087 in
964 1017 1108 1112 scriptis
1128 1019 1327 1092 notificare.

376 1131 469 1204 Aliis
504 1133 611 1204 etiam
646 1133 943 1204 committebatur
972 1134 1069 1229 quod
1099 1133 1138 1206 in
1167 1135 1328 1230 qualibet

377 1247 497 1320 schira
543 1247 747 1343 sagittarios
794 1249 1029 1344 experiendos
1072 1258 1325 1336 convocarent,

377 1364 466 1436 alios
492 1363 601 1436 etiam
626 1365 723 1436 viros
748 1374 853 1460 aptos
879 1365 988 1438 armis
1015 1365 1216 1440 deferendis
1241 1391 1327 1440 cum

376 1481 484 1552 armis
510 1481 641 1575 quibus
667 1481 795 1552 melius
821 1481 954 1554 scirent
980 1505 1018 1554 se
1044 1482 1245 1571 defendere,
1263 1495 1328 1558 aut

375 1595 498 1669 hostes
522 1595 701 1682 invadere,
726 1605 763 1667 et
788 1595 957 1668 omnibus
981 1596 1033 1669 sic
1057 1599 1265 1670 convocatis
1290 1603 1339 1671 et¹

247 1695 251 1706 ¹
376 1705 534 1808 expertis
559 1713 676 1784 aetatis
699 1712 868 1807 legitimae
890 1712 1007 1785 fuerat
1030 1722 1264 1810 praeceptum,
1282 1725 1326 1788 ut

376 1824 422 1895 ad
445 1825 540 1919 regis
562 1823 756 1918 imperium
779 1823 897 1897 forent
917 1825 1034 1920 parati
1057 1849 1182 1898 secum
1199 1835 1327 1900 contra

375 1963 461 2012 suos
478 1948 515 2012 ct
532 1939 634 2033 r'egni
651 1939 818 2013 inimicos
835 1950 1038 2036 pugnaturn
1056 1941 1153 2026 ituri.
1185 1941 1325 2015 Eodem

374 2077 470 2126 anno
503 2055 611 2126 multi
643 2055 763 2127 vocati
797 2055 836 2127 in
870 2058 963 2151 regis
993 2057 1167 2130 auxilium
1197 2066 1326 2131 contra

374 2169 516 2257 Scotos,
557 2193 624 2245 nec
658 2173 774 2266 parati
808 2174 855 2245 ad
885 2173 1057 2259 eundum,
1092 2175 1325 2247 contulerunt

372 2286 556 2380 pecunias,
584 2286 716 2382 quibus
742 2288 993 2384 stipendiarios
1017 2312 1085 2385 pro
1110 2289 1197 2386 ipsis
1224 2290 1324 2362 domi

373 2403 592 2476 remansuris
609 2427 673 2476 rex
689 2412 813 2500 posset
828 2405 983 2477 vadiare.

423 2518 571 2591 ANNO
599 2520 750 2593 Domini
780 2520 885 2608 1344,
912 2520 1006 2615 regis
1031 2521 1171 2616 Angliae
1196 2523 1255 2608 18,
1283 2522 1323 2594 in

372 2630 549 2706 auxilium
570 2632 707 2704 domini
731 2632 885 2705 Joannis
911 2634 956 2704 dc
981 2630 1111 2705 Monte
1136 2632 1229 2706 forte
1255 2634 1321 2706 du-

373 2745 425 2818 cis
452 2743 660 2834 Britannia,
688 2748 792 2844 cujus
817 2772 911 2820 uxor
936 2756 974 2818 et
997 2746 1063 2819 filii
1092 2747 1132 2820 in
1158 2750 1323 2822 custodia

372 2861 466 2957 regis
499 2873 722 2949 manserunt,
757 2863 905 2935 fuerunt
938 2862 1041 2934 missi
1074 2885 1195 2936 comes
1226 2863 1321 2936 Nor-

371 2977 579 3074 hamptonae
609 2988 645 3052 et
673 3003 794 3052 comes
821 2978 987 3064 Oxoniae,
1015 2978 1181 3052 dominus
1209 2978 1321 3075 Hugo

371 3088 587 3186 Despenser‚
607 3091 776 3165 dominus
802 3089 979 3164 Ricardus
1001 3089 1151 3166 Talcbot
1174 3090 1321 3177 milites,
1369 3147 1374 3154 .

371 3213 409 3275 et
434 3204 603 3278 dominus
627 3205 833 3280 Willelmus
859 3206 1036 3302 Kyllesby
1056 3206 1221 3293 clericus,
1247 3207 1321 3279 sin-

371 3318 465 3410 gulis
495 3320 674 3414 praefectis
707 3323 848 3416 magnis
881 3322 995 3419 copiis
1029 3330 1250 3394 armatorum
1283 3333 1321 3395 et

371 3433 648 3528 sagittariorum.
701 3435 928 3509 Britanniam
945 3437 1066 3532 itaque
1088 3435 1241 3531 profecti
1263 3437 1319 3508 in-

370 3549 455 3621 vitis
488 3550 643 3626 inimicis
677 3552 937 3641 resistentibus,
968 3561 1101 3629 terram
1130 3562 1318 3648 ceperunt,

370 3669 407 3734 et
432 3664 567 3736 multos
593 3689 738 3762 asperos
764 3665 954 3739 conflictus
979 3673 1106 3738 contra
1130 3665 1229 3760 ipsos
1254 3664 1319 3736 ha-

370 3778 540 3867 buerunt,
575 3782 722 3856 tandem
756 3784 871 3878 captis
908 3782 1004 3854 villis
1047 3789 1124 3854 tam
1165 3782 1319 3854 muratis

372 3919 479 3990 quam
507 3901 780 3995 campestribus,
808 3909 845 3972 et
870 3899 949 3972 aliis
975 3898 1173 3984 fortaliciis,
1201 3907 1320 3972 castra

370 4011 414 4084 de
441 4011 582 4087 Bruske
604 4023 641 4088 ct
664 4016 708 4088 de
729 4013 883 4110 Templo
902 4013 1106 4110 Correntyn
1122 4036 1188 4109 per
1204 4013 1318 4086 insul-

369 4136 429 4200 tus
455 4138 641 4224 ceperunt,
660 4139 696 4202 et
721 4136 837 4201 totam
862 4129 1017 4226 patriam
1041 4127 1175 4224 partim
1200 4127 1318 4200 reddi·

369 4253 445 4318 tam
478 4254 514 4317 et
548 4245 681 4340 partim
714 4245 936 4319 destructam
970 4244 1038 4318 sibi
1072 4243 1319 4318 submiserunt
