3110 5026
353 616 426 688 232
612 633 1045 686 onnou1oouonnsn1n1
1088 569 1179 702 [nin.
1195 612 1303 684 1355.

351 766 425 838 lam
453 765 617 861 pulcram
648 772 685 835 et
714 762 858 848 fortem,
886 763 990 859 eujus
1020 784 1146 834 omnes
1177 760 1306 836 incolae

350 881 521 977 sugerunt
544 888 581 952 et
604 879 648 951 in
666 887 785 951 castro
807 877 956 950 suerunt
979 877 1088 972 capti,
1113 901 1236 950 comes
1261 878 1306 949 de

352 996 523 1085 Molasin,
553 1006 589 1069 et
617 983 702 1068 cum
729 1021 773 1070 eo
802 995 909 1068 multi
940 995 1071 1068 milites
1101 1003 1211 1090 atque
1239 995 1305 1068 do-

349 1114 484 1187 micelli
504 1137 569 1210 per
590 1113 823 1209 capitaneum
846 1113 890 1184 de
911 1111 1044 1198 Bosco,
1061 1119 1098 1183 et
1115 1111 1305 1184 dominum

350 1231 395 1303 de
424 1229 716 1315 Monteferando‚
744 1239 780 1303 et
807 1229 925 1302 Adam
955 1230 999 1302 de
1029 1228 1214 1316 Lowches
1242 1253 1304 1303 eo-

350 1346 432 1420 dem
456 1347 514 1419 die
536 1345 712 1435 militem:
742 1347 861 1443 prima
880 1343 1086 1433 Dominica,
1105 1347 1163 1418 die
1187 1347 1303 1420 sancti

351 1461 460 1536 Lucae
498 1463 725 1559 evangelistae
763 1463 1059 1559 perendinamnt,
1095 1471 1131 1535 et
1165 1462 1303 1537 sortali-

349 1581 448 1653 cium
482 1581 527 1653 dc
561 1579 719 1653 Galiaun
754 1604 838 1652 curn
873 1580 1011 1652 insultu
1054 1589 1303 1676 expugnatum

350 1703 638 1768 concremarunt.
690 1694 760 1766 Die
781 1693 894 1766 Lunae
916 1694 1079 1768 immisso
1102 1695 1186 1791 igne
1208 1695 1303 1770 villae

350 1814 394 1886 de
424 1812 608 1898 Plazense,
640 1811 864 1907 reliquerunt
892 1836 913 1883 a
940 1812 1077 1885 dextris
1103 1812 1227 1884 villam
1258 1813 1302 1886 de

349 1927 597 2000 Bealmarchie
620 1936 656 1999 et
680 1927 911 2022 hospitarunt
933 1952 1056 2000 coram
1076 1928 1164 2000 villa
1186 1929 1301 2001 archi-

350 2044 510 2139 episcopi
535 2044 580 2114 de
605 2043 715 2129 Ause,
740 2053 870 2116 vocata
891 2045 926 2116 le
952 2044 1075 2132 Basse,
1100 2054 1137 2118 et
1158 2045 1221 2118 illo
1243 2046 1303 2119 die

349 2159 518 2232 dominus
542 2158 719 2233 Ricardus
743 2161 787 2232 de
812 2158 1001 2247 Stafforde,
1026 2185 1218 2257 germanus
1241 2187 1302 2236 co-

349 2275 448 2348 mitis
467 2276 645 2348 Stafforde
666 2277 785 2373 primo
806 2278 852 2350 ad
876 2278 1050 2351 vexillum
1076 2302 1161 2351 suos
1184 2279 1300 2352 duxit.

351 2391 420 2465 Die
442 2390 575 2466 Martis
598 2392 782 2488 praedicta,
806 2394 892 2465 villa
913 2392 984 2467 fuit
1008 2394 1140 2482 dedita,
1158 2404 1195 2468 et
1218 2396 1303 2492 quia

343 2509 529 2604 ¹pertinuit
559 2520 693 2583 sanctae
723 2510 894 2596 ecclesiae,
919 2509 1088 2606 princeps
1116 2535 1192 2582 non
1220 2536 1302 2608 per-

351 2626 449 2698 misit
493 2625 649 2721 aliquem
683 2626 818 2699 intrare
852 2637 1094 2722 praeterquam
1128 2651 1301 2722 personas

349 2753 465 2814 certas
498 2742 681 2815 ordinatas
716 2744 761 2815 ad
796 2743 1045 2817 liberationem
1074 2744 1299 2817 victualium.

241 2838 243 2850 Α
348 2855 418 2930 Die
452 2858 626 2932 Mercurii
659 2859 873 2932 dimiserunt
902 2885 923 2933 a
953 2860 1108 2933 sinistris
1135 2863 1301 2957 pulcram

348 2975 471 3048 villam
499 2976 544 3048 de
572 2977 771 3049 Escamont
799 2985 835 3050 et
861 2985 1038 3050 venerunt
1066 3000 1188 3050 coram
1214 2979 1302 3051 villa

348 3093 461 3164 nobili
502 3091 546 3164 de
587 3091 767 3179 Miraude,
804 3093 848 3165 de
883 3093 1043 3165 dominio
1078 3093 1221 3166 comitis
1256 3094 1301 3167 de

348 3205 545 3302 Comenge,
579 3209 686 3302 plena
720 3208 806 3279 viris
840 3232 1036 3296 armorum,
1066 3217 1103 3281 et
1131 3209 1300 3306 princeps

347 3322 600 3417 hospitabatur
638 3322 677 3392 in
714 3323 934 3395 monasterio
971 3325 1099 3419 grandi
1133 3326 1178 3398 de
1211 3324 1300 3398 Ber-

347 3447 462 3524 teneo,
487 3437 623 3510 ordinis
649 3434 907 3526 CistertieusiS,
934 3440 973 3513 in
999 3466 1072 3538 quo
1098 3443 1220 3515 nullus
1245 3443 1299 3515 vi·

300 3566 302 3570 ·
346 3577 447 3626 νεηε.
463 3551 580 3625 fuerat
614 3563 788 3650 repertus.
853 3554 922 3629 Die
951 3557 1056 3631 Jovis
1086 3558 1299 3655 perendina-

255 3677 258 3684 '
346 3677 443 3755 runt,
471 3668 562 3741 nihil
588 3670 673 3742 mali
699 3672 872 3769 praedicto
898 3675 1118 3749 monasterio
1143 3675 1299 3748 inseren-
1417 3753 1422 3764 ,

346 3795 413 3858 tes,
464 3784 535 3858 Die
564 3786 717 3862 Veneris
752 3790 918 3863 exierunt
947 3793 1103 3864 nobilem
1133 3793 1299 3887 pulcram

225 3899 228 3905 ’
344 3913 381 3975 et
416 3904 527 3976 ditem
554 3885 717 4001 ⁸patriam
751 3907 1013 3994 D'Arminake,
1045 3916 1082 3979 et
1115 3908 1300 3984 intrarunt

344 4023 499 4117 patriam
526 4032 693 4096 vocatam
720 4023 903 4108 Astarike,
935 4046 1000 4117 per
1027 4045 1136 4116 quam
1166 4025 1298 4097 transi-

345 4149 404 4210 tus
428 4147 504 4211 erat
527 4139 693 4222 difficilis,
711 4147 832 4210 arctus
854 4146 891 4209 et
913 4148 1141 4227 montuosus
1161 4150 1198 4214 et
1215 4141 1316 4214 hos?

344 4255 448 4349 pitati
470 4255 514 4328 ad
538 4254 693 4329 Saxante
711 4254 847 4340 villam,
865 4265 996 4328 contra
1013 4256 1299 4352 prohibitionem
