3136 5016
339 623 387 696 36
600 643 826 694 onnonroon
847 643 1031 692 ornamur

339 781 377 846 et
390 780 599 846 tenemento
611 771 932 867 appropriarentur
943 771 1032 844 viris
1049 769 1237 865 religiosis,
1249 795 1296 844 ne

340 890 462 985 aliquo
486 887 596 960 modo
619 886 665 960 ad
690 910 841 960 manum
865 896 1048 959 mortuam
1071 887 1294 974 devenirent,

342 1005 476 1101 absque
497 1003 646 1100 speciali
668 1003 816 1075 licentia
837 1003 974 1075 domini
997 1003 1103 1099 regis.
1157 1002 1298 1076 Eodem

343 1145 438 1196 anno
456 1129 604 1194 moneta
619 1129 761 1194 mutata
777 1121 894 1192 suerat
911 1121 950 1192 in
966 1120 1263 1216 Anglia--oa

393 1239 488 1312 A.D.
513 1234 619 1312 1272.
663 1237 865 1310 Lewelinus
888 1237 1057 1333 princeps
1078 1237 1221 1310 Walliae
1243 1237 1299 1309 in-

343 1355 532 1442 terficitur,
551 1363 588 1426 et
610 1361 720 1449 caput
740 1354 818 1450 ejus
837 1353 1017 1427 Edwardo
1039 1353 1115 1448 regi
1137 1377 1203 1449 per
1225 1352 1300 1426 Ed-

345 1476 526 1548 mundum
550 1477 595 1548 de
615 1474 860 1548 Mortuomari
877 1475 1147 1560 transmittitur,
1166 1472 1302 1546 David-

345 1617 416 1688 que
450 1593 561 1666 frater
594 1592 776 1678 lewelini,
807 1591 904 1687 apud
933 1591 1115 1664 Rotheian
1145 1590 1300 1686 capitur,

345 1733 551 1805 corpusque
574 1709 652 1803 ejus
677 1709 716 1779 in
742 1717 863 1803 partes
887 1707 1057 1794 divisum,
1083 1708 1121 1779 in
1145 1717 1303 1802 quatuor

346 1825 554 1898 civitatibus
581 1824 826 1920 suspenditur,
853 1823 972 1920 capite
997 1823 1196 1897 Londoniae
1220 1847 1301 1896 sus-

345 1941 722 2038 pensa—65.

362 2083 367 2114 κ
396 2053 493 2129 A.D.
518 2054 624 2128 1274.
663 2055 699 2126 Α
716 2055 906 2129 nativitate
923 2058 1017 2153 regis
1035 2057 1202 2130 Edwardi
1218 2067 1304 2153 post

347 2181 589 2268 conquestum
607 2172 769 2258 secundi,
788 2172 847 2244 die
864 2174 981 2245 sancti
1002 2172 1173 2246 Matthiae
1193 2198 1303 2247 evan-

348 2288 496 2384 gelistae,
518 2287 616 2382 apud
636 2286 858 2361 Carnarvan.
912 2288 1055 2360 Itineris
1077 2289 1302 2384 justiciarius

348 2411 427 2476 erat
444 2403 482 2475 in
499 2403 894 2499 Angfia--oa

399 2519 496 2594 nl).
520 2519 625 2595 1278.
667 2520 808 2595 Tantus
832 2521 928 2594 calor
951 2528 1029 2592 erat
1051 2521 1091 2592 in
1112 2528 1303 2611 autumno,

350 2645 392 2709 ut
415 2637 454 2710 in
472 2637 653 2734 plerisque
670 2638 760 2712 locis
777 2646 954 2712 metentes
972 2662 1039 2733 pro
1056 2636 1168 2710 nimio
1186 2641 1305 2714 calore

350 2755 390 2827 in
413 2755 553 2852 campis
576 2754 837 2842 moriebantur,
856 2764 893 2828 et
913 2754 1137 2827 vendebatur
1160 2767 1306 2851 quarte·

351 2871 448 2944 rium
473 2871 648 2943 frumenti
670 2895 737 2967 pro
758 2869 803 2942 16
826 2869 992 2942 denariis.
1044 2869 1183 2943 Eodem
1209 2896 1305 2946 anno

352 2998 430 3061 erat
464 2988 579 3082 major
613 3010 698 3082 pars
732 2986 827 3058 villae
861 2985 977 3058 sancti
1010 2982 1186 3083 Botulphi
1220 3013 1306 3060 cum

352 3103 462 3175 domo
506 3101 660 3172 fratrum
702 3100 984 3195 praedicatorum
1026 3103 1227 3190 combusta,
1271 3113 1308 3177 et

353 3217 526 3291 nundinae
543 3240 609 3312 per
626 3216 803 3311 quosdam
819 3217 978 3289 latrones
999 3219 1170 3314 spoliatae.
1220 3219 1307 3292 Jam

353 3336 502 3433 quidam
517 3333 599 3407 salsi
615 3334 783 3428 armigeri
801 3334 1054 3408 conduxerunt
1071 3337 1115 3409 ad
1133 3338 1301 3426 invicem,

351 3461 394 3525 ut
429 3450 612 3547 quoddam
645 3450 893 3538 basbludium,
923 3452 1021 3548 quod
1051 3452 1187 3526 Burdiz
1217 3455 1305 3527 dioi-

352 3594 448 3657 mus,
486 3569 708 3642 celebrarent
747 3569 892 3656 ibidem,
929 3580 1092 3667 tempore
1126 3574 1306 3646 nundina-

352 3711 446 3773 rum,
464 3695 507 3759 ut
524 3695 624 3758 tante
642 3685 822 3759 nundinas
844 3687 1303 3783 spoliarent-m--sa

402 3801 498 3875 Ab.
523 3803 629 3876 1290.
656 3801 816 3874 Domina
833 3802 1006 3875 Alienora
1024 3804 1147 3900 regina
1163 3804 1306 3901 Angliae

351 3921 451 3994 obiit.
503 3919 643 3991 Eodem
666 3943 762 3992 anno
785 3921 890 4016 ejecti
913 3931 1016 3994 erant
1039 3946 1165 4008 ornnes
1185 3921 1304 3996 Judaei

350 4039 395 4111 ab
413 4038 549 4135 Anglia
752 4035 811 4110 57.

399 4156 494 4230 Ar).
520 4157 625 4230 1292.
662 4153 814 4227 Mortuo
832 4155 1039 4229 Alexandro
1056 4180 1140 4252 rege
1158 4154 1301 4243 Scotiae,

348 4297 529 4346 consensu
555 4270 721 4346 Edwardi
749 4272 842 4367 regis
867 4272 1020 4367 Angliae,
1045 4271 1232 4345 Johannes
1260 4273 1304 4344 de
