3118 5008
232 623 310 680 nn:
328 609 452 700 1346]
487 633 531 682 uu
550 633 678 684 nnana
696 634 744 682 nu
764 633 1005 684 swrusaorm.
1113 587 1197 686 1¹71'

229 759 322 835 foret
347 761 537 856 gavisurus
562 761 751 858 privilegio
777 763 1033 850 immunitatis,
1057 788 1183 860 quam-

228 875 291 948 diu
310 878 522 973 conspectui
544 879 638 975 regis
660 888 809 967 astaret,
824 889 862 953 et
878 879 979 976 qood
994 904 1184 976 nunquam

229 995 462 1090 contingebat
495 995 653 1091 aliquem
683 997 865 1093 supplicio
893 997 994 1070 finali
1027 996 1183 1086 detrudi,

228 1121 424 1214 postquam
456 1111 644 1206 praesentis
679 1111 785 1185 faciei
818 1113 948 1208 regalis
981 1113 1184 1188 misericor·

229 1229 330 1304 diam
346 1227 557 1326 suppliciter
573 1227 712 1324 petivit.
768 1227 840 1301 Sed
863 1229 1031 1302 indurata
1047 1231 1186 1304 malitia

230 1344 376 1442 tyranni
405 1351 579 1440 torquens
609 1343 735 1417 funem
761 1344 1019 1432 facinorosum,
1046 1371 1120 1442 quo
1146 1347 1186 1420 in

130 1467 133 1472 ’
230 1460 474 1558 precipitium
500 1460 714 1548 traheretur,
745 1485 821 1535 non
850 1463 1060 1536 recordatus
1088 1464 1185 1560 quod

231 1581 324 1665 oleo,
338 1577 592 1652 misericordiae
610 1587 740 1675 typum
757 1589 917 1675 gerente,
936 1579 1053 1652 fuerat
1070 1604 1187 1676 quon-

230 1697 314 1770 dam
343 1703 542 1791 perunctus
572 1695 609 1768 in
644 1719 778 1791 regem,
808 1696 913 1792 quasi
940 1697 1034 1769 lacte
1064 1695 1186 1770 leaenae

231 1812 357 1888 suisset
375 1812 561 1900 educatus,
580 1812 691 1908 jussit
713 1812 807 1886 duos
830 1813 925 1886 filios
949 1813 1072 1886 nriseri
1093 1814 1187 1888 mili·

231 1929 278 2002 tis
301 1929 340 2001 in
362 1934 561 2023 conspectu
585 1928 698 2024 petris
718 1929 890 2025 jugulari,
909 1939 947 2002 et
968 1938 1097 2025 postea
1112 1953 1187 2026 pra

232 2047 356 2118 dolore
371 2043 445 2120 sere
462 2043 676 2120 insanientis
693 2055 807 2140 capnt
820 2047 1015 2142 amputari.
1066 2046 1187 2121 Testis

233 2161 322 2236 mihi
337 2159 451 2246 Deus,
470 2159 605 2255 pluries
623 2161 809 2255 exquisivi,
827 2162 892 2234 sed
909 2185 984 2235 non
1001 2162 1125 2236 audivi
1142 2163 1188 2236 de

232 2279 294 2351 illo
328 2277 444 2352 milite
478 2275 576 2370 quod
610 2276 853 2370 proditionem
897 2286 1024 2349 contra
1066 2302 1188 2374 regem

233 2395 443 2477 Scotorum,
475 2400 539 2464 aut
572 2391 729 2486 ediquem
773 2391 926 2464 Scotum
967 2395 1189 2490 perpetrarit

231 2534 418 2606 unquam;
444 2508 550 2602 eujus
572 2517 609 2580 et
632 2507 789 2580 filiorum
811 2508 992 2581 crudelem
1015 2517 1051 2582 et
1075 2508 1188 2604 injus-

233 2639 311 2704 tam
340 2624 603 2723 peremtionem
630 2625 738 2696 credo
765 2624 879 2697 fuisse
905 2649 1077 2721 magnam
1102 2650 1188 2699 cau·

234 2769 311 2820 sam
342 2739 615 2839 periclitationis
645 2741 752 2836 regie,
780 2750 817 2812 et
850 2742 974 2836 magni
1007 2742 1188 2816 exercitus

235 2861 441 2945 Scotorum,
470 2858 586 2931 forma
617 2860 870 2954 subsequente.
933 2857 1075 2931 Exinde
1104 2883 1188 2955 pro·

234 2977 436 3075 gredientes
478 2974 601 3048 miseri
650 2999 725 3048 non
774 2975 976 3048 timuerunt
1019 2985 1188 3050 sanetum

139 3153 143 3158 .
234 3085 492 3182 Cuthbertum,
524 3117 634 3190 quem
667 3093 808 3188 antiqui
841 3117 943 3188 reges
979 3092 1111 3166 Scotiae
1150 3095 1188 3167 in

234 3238 365 3310 magno
393 3210 625 3286 ueneratione
658 3210 877 3296 habuerunt,
907 3219 943 3282 et
973 3233 1080 3284 suum
1110 3235 1188 3285 rno-

233 3329 432 3406 oasterium
454 3326 594 3423 magnis
616 3327 854 3423 eleemosynis
877 3327 1095 3416 ditaverunt,
1115 3353 1190 3402 non

235 3446 355 3542 ipsum
372 3445 521 3539 inquam
538 3443 750 3530 timuerunt,
770 3443 833 3516 sed
857 3449 925 3516 nec
948 3449 1057 3517 suum
1075 3445 1190 3518 dorni-

236 3560 338 3635 nium
370 3559 582 3636 devastare:
622 3582 756 3654 nempe.
782 3582 849 3654 per
877 3560 1009 3632 multas
1039 3583 1190 3634 suorum

236 3676 456 3774 praediorum
504 3675 802 3770 depraedationes,
848 3686 1028 3750 venerunt
1077 3701 1192 3774 prope
1283 3714 1287 3718 ·

236 3793 480 3880 Dunelmiam,
516 3815 591 3864 non
625 3791 801 3866 distantes
831 3793 878 3864 ad
911 3793 984 3866 duo
1014 3795 1190 3894 milliaria,

162 3929 169 3940 ’
240 3912 301 3984 ubi
324 3910 501 4006 quosdam
524 3910 722 3983 monachos
746 3909 862 3982 saneti
886 3910 1079 3984 Cuthberti
1106 3899 1191 4005 cap-¹

238 4029 332 4102 tivos
359 4029 587 4102 redimendos
609 4027 856 4112 detinuerunt,
884 4035 991 4122 pacto
1014 4051 1099 4096 cum
1123 4049 1190 4096 cae-

239 4146 325 4217 teris
355 4145 444 4217 inito
479 4146 523 4218 de
558 4154 656 4216 certa
686 4144 934 4238 redemptione
964 4141 1125 4236 pecuniae
1155 4151 1191 4213 et

239 4261 347 4346 bladi,
372 4285 416 4332 ne
440 4262 615 4334 manerias
640 4261 783 4331 illorum
809 4259 904 4330 ultra
930 4256 1188 4351 depraedarent.
