3118 5008
377 585 455 685 106ι
625 629 1053 682 onnourcoucnnrnrm
1112 612 1327 702 [n.n.l328.

278 838 281 848 ,
372 765 410 836 in
441 785 513 858 quo
542 760 629 834 seoit
662 769 737 833 tres
771 759 937 846 comites,
968 759 1107 835 scilicet
1136 761 1327 836 dominum

371 878 552 951 Joannem
561 875 755 950 D’Eltham
764 875 913 948 fratrem
922 899 1043 962 suum,
1053 877 1224 952 comitem
1235 877 1327 951 Cor·

371 992 501 1081 nubiae,
527 1003 564 1067 et
590 993 635 1066 R.
663 993 708 1065 de
733 992 884 1066 Mortuo
910 992 1002 1065 mari
1028 993 1201 1066 comitem
1225 993 1326 1068 Mar-

371 1110 460 1183 chiae
478 1109 632 1198 Wahiae,
650 1119 687 1183 et
712 1110 991 1207 propincernam
1008 1108 1194 1183 Hibemiae
1212 1112 1325 1184 comi-

370 1236 446 1300 tem
463 1228 507 1300 de
525 1227 724 1300 Ormonde.
777 1226 837 1299 Ab
853 1225 923 1298 hoc
940 1226 1179 1321 parliamento
1202 1250 1324 1301 comes

370 1343 589 1418 Lancastriae
605 1353 642 1417 et
660 1343 827 1416 dominus
845 1342 890 1415 de
901 1342 1033 1430 wake,
1048 1352 1086 1415 et
1099 1343 1159 1415 alii
1176 1342 1323 1439 quidam

369 1460 508 1534 nobiles
532 1485 570 1534 se
593 1463 863 1544 subtraxerunt,
882 1467 920 1531 et
942 1459 981 1531 in
998 1482 1131 1532 'eorum
1152 1459 1324 1532 comitiva

369 1576 538 1650 dominus
574 1576 756 1649 Henricus
790 1575 835 1646 de
868 1572 1095 1647 Bellemonte
1129 1582 1166 1646 et
1199 1598 1321 1648 eomes

368 1691 633 1779 Marescallus3
672 1715 787 1788 prope
819 1699 942 1763 tamen
971 1697 1145 1762 venerant
1178 1690 1321 1776 armati,

279 1869 280 1873 ,
368 1809 466 1881 unde
488 1809 527 1880 in
549 1806 785 1880 offensionem
805 1829 927 1902 regern
950 1814 1239 1892 commoverunt,
1257 1807 1321 1880 sed

367 1924 601 2019 postmodum
641 1923 680 1995 in
720 1931 856 2011 astate,
890 1932 1110 2020 procurante
1141 1923 1320 2019 archiepi-

368 2061 480 2133 scopo
519 2038 783 2125 Cantuariensi,
822 2040 922 2135 apud
955 2037 1154 2112 Bedsforde
1196 2041 1319 2133 gratiae

366 2153 443 2248 regi
473 2177 511 2226 se
541 2153 797 2242 submiserunt,
828 2179 904 2228 non
936 2157 1165 2250 multumque
1193 2163 1321 2250 postea

367 2269 732 2344 comes‘Lancastriae
755 2295 877 2345 coecus
900 2272 1049 2344 effectus
1072 2271 1118 2343 ad
1140 2270 1319 2368 patienter

366 2384 446 2458 Deo
469 2387 698 2461 serviendum
726 2411 764 2460 se
791 2397 909 2461 totum
937 2386 1127 2460 ordinavit.
1179 2384 1317 2458 Eodem

367 2526 462 2575 anno
480 2503 576 2576 circa
592 2502 725 2577 festum
742 2503 962 2576 ascensionis
983 2527 1047 2575 rex
1068 2526 1167 2574 mare
1187 2502 1316 2575 transi·

365 2617 430 2705 vit,
448 2618 558 2691 fratre
581 2642 648 2691 suo
672 2623 804 2691 comite
827 2616 1020 2689 Comubiae
1043 2615 1193 2688 custode
1216 2615 1318 2710 regni
1357 2645 1363 2654 ’

365 2733 503 2821 relicto,
525 2744 562 2807 et
587 2734 672 2808 fecit
698 2732 906 2829 homagium
931 2732 1007 2827 regi
1033 2731 1205 2816 Franciae,
1231 2729 1316 2802 Phi-

364 2850 465 2947 lippo
495 2851 540 2923 de
567 2850 724 2938 valesio,
753 2851 830 2923 filio
859 2849 982 2922 Caroli
1009 2847 1217 2944 proditoris,
1247 2870 1316 2943 pro

363 2975 443 3040 toto
469 2966 604 3040 ducatu
629 2967 836 3063 Aquitaniae
861 2975 898 3038 ct
923 2965 1099 3039 comitatu
1124 2962 1313 3050 Pontiniae,

364 3105 473 3178 super
499 3082 714 3178 quibusdam
741 3082 1063 3179 protestationibus
1089 3080 1219 3176 quibus
1249 3078 1315 3151 ho-

363 3201 523 3295 magium
556 3224 620 3272 rex
654 3200 815 3274 Franciae
849 3200 1041 3298 Philippus
1074 3199 1212 3295 recepit
1245 3199 1314 3272 sub

364 3318 442 3391 aiiis
465 3319 799 3415 protestationibus
818 3319 984 3392 videlicet
1007 3318 1106 3414 quod
1127 3341 1202 3388 non
1224 3317 1314 3389 ami·

363 3434 410 3506 sit
429 3434 639 3530 homagium
660 3460 727 3532 pro
748 3435 853 3509 terris
870 3459 959 3531 quas
976 3443 1079 3530 pater
1097 3457 1184 3507 suus
1203 3434 1314 3505 Caro-

362 3551 421 3623 lus
454 3553 648 3647 praediotus
682 3553 854 3626 adversus
889 3551 1057 3625 comitem
1092 3547 1314 3635 Continent

362 3669 607 3764 praemittitur,
626 3669 914 3766 transequitavit,
934 3669 997 3741 sed
1022 3667 1102 3740 illas
1128 3666 1197 3739 sibi
1223 3666 1313 3738 deti-

363 3783 444 3855 nuit
478 3794 514 3857 et
548 3787 707 3860 detinere
736 3787 864 3873 voluit,
896 3809 1085 3882 quousque
1116 3783 1211 3855 soret
1244 3781 1314 3855 sibi

292 3897 303 3918 ⁸
363 3900 589 3973 satisfactum
613 3905 657 3975 de
680 3905 821 3976 damnis
844 3895 882 3977 et
907 3903 1075 4000 expensis
1098 3925 1188 3998 quas
1211 3909 1315 3997 pater

363 4041 451 4091 suus
484 4019 616 4092 ibidem
651 4019 843 4094 militando·
874 4021 1011 4117 recepit
1053 4028 1089 4092 et
1132 4016 1311 4114 exposuit.

361 4132 501 4207 Eodem
527 4159 622 4208 anno
645 4134 683 4207 in
707 4134 763 4208 die
786 4135 1001 4208 Parasoeves
1028 4142 1065 4207 et
1091 4133 1130 4204 in
1156 4153 1314 4206 comme·

361 4251 562 4325 moratione
584 4251 746 4325 omnium
767 4251 928 4325 fidelium
948 4251 1152 4323 animarum
1170 4248 1313 4322 ordina·
