3110 5026
355 592 428 664 216
612 609 839 662 cunourcou
859 609 1043 661 1111111111
1088 588 1140 688 [A.
1145 609 1182 660 n.
1201 590 1309 662 1352

354 766 436 813 rum
462 748 622 812 castrum
648 739 799 835 praedict
799 763 862 813 um
888 737 957 812 suit
984 748 1144 836 captum,
1166 749 1203 811 11
1226 739 1311 812 ideo

350 859 431 952 jure
449 865 585 928 mutuae
606 855 748 928 fidei
718 880 769 928 ers
795 855 1015 952 integraliter
1031 855 1309 928 restituendum.

353 971 557 1068 Respondit
583 972 723 1045 nuntiis
753 972 947 1068 prudentia
973 971 1114 1068 regalis,
1140 972 1237 1067 quod
1265 971 1312 1042 de

351 1111 502 1159 assensu
525 1085 624 1182 regio
648 1087 708 1158 vel
734 1085 829 1159 scitu
855 1109 930 1158 non
953 1085 1021 1158 fuit
1045 1087 1217 1160 facinus
1208 1111 1311 1182 mge-

352 1179 503 1291 niatum,
522 1212 559 1276 et
580 1203 674 1276 ideo
684 1203 892 1298 petentibus
910 1203 1058 1288 tradidit
1075 1203 1197 1276 literas
1217 1227 1309 1298 prae-

352 1319 531 1415 ceptorias
549 1318 697 1393 cuilibet
716 1343 878 1406 suorum;
903 1343 949 1390 ne
971 1319 1100 1414 aliquis
1119 1343 1207 1392 suus
1224 1319 1312 1390 fide·

350 1436 394 1509 lis
418 1446 578 1510 castrum
602 1436 647 1508 de
666 1435 846 1532 Gynesu
821 1435 1133 1532 utpraemittitur‚
1152 1456 1309 1532 occupa-

350 1563 431 1626 tum
458 1553 647 1640 detineret,
676 1551 738 1624 sed
770 1552 845 1625 suis
873 1552 1045 1648 legitimis
1073 1553 1309 1626 dominatori-

288 1659 290 1664 ’
350 1671 419 1743 bus
447 1671 616 1743 liberaret
647 1669 748 1742 illud
800 1669 953 1742 Nuntiis
982 1670 1152 1766 regressis
1180 1678 1217 1742 et
1246 1695 1309 1742 ex-

349 1788 477 1883 positis
518 1811 592 1860 suae
631 1786 803 1882 legationi
844 1787 1115 1883 contingendis,
1157 1788 1310 1861 accessit

350 1903 396 1975 ad
413 1913 573 1976 castrum
592 1903 809 1998 quandoque
834 1927 943 1976 suum
966 1927 1087 1978 comes
1106 1904 1151 1976 de
1169 1903 1307 2036 Gynes,

350 2041 513 2115 quaerens
539 2020 584 2092 ab
611 2014 761 2092 intrusis
788 2021 885 2094 sicut
910 2021 1009 2109 alias,
1029 2022 1135 2117 cujus
1161 2021 1310 2108 nomine

350 2145 511 2210 castrum
551 2143 790 2232 occuparunt,
828 2138 959 2268 quibus
1003 2146 1210 2211 constanter
1251 2161 1309 2210 re-

350 2249 626 2352 spondentibus,
650 2255 748 2350 quod
774 2255 921 2328 nomine
942 2246 1100 2328 Joanuis
1125 2253 1309 2328 Danecas-

349 2373 429 2460 tric,
459 2372 626 2468 quaesivit
656 2381 783 2445 utrum
810 2371 971 2445 Joannes
1006 2373 1178 2469 praefatus
1212 2381 1308 2445 esset

349 2489 465 2562 fidelis
491 2491 584 2586 regis
601 2488 819 2585 Anglorum,
838 2497 903 2561 aut
927 2489 1005 2586 ejus
1032 2488 1225 2586 praeceptis
1252 2488 1307 2560 in-

349 2607 573 2694 clinaturus3
601 2630 673 2702 quo
697 2605 938 2702 respondente
962 2605 1060 2700 quod
1086 2629 1172 2692 non,
1200 2603 1306 2676 scivit

351 2723 447 2796 enim
474 2724 601 2820 quid
592 2748 631 2795 m
656 2723 790 2818 Anglia
818 2721 972 2819 contigit
1000 2721 1138 2797 nuntiis
1165 2744 1307 2817 praeno-

350 2842 465 2914 minat
465 2841 508 2928 is,
450 2840 670 2914 tobtulit
698 2863 821 2912 comes
848 2863 916 2935 pro
947 2847 1065 2911 castro
1092 2846 1223 2934 praeter
1250 2843 1307 2908 to-

350 2966 431 3030 turn
457 2956 704 3031 thesaurum
695 2980 733 3028 111
759 2981 803 3028 1ο
829 2964 1025 3086 repertum,
1052 2957 1168 3027 multa
1193 2954 1308 3026 millia

350 3084 590 3158 scutatorum,
622 3081 687 3147 aut
720 3073 967 3168 possessiones
1001 3095 1068 3166 pro
1102 3079 1307 3143 commuta·

350 3189 448 3262 tione
483 3201 519 3262 et
553 3210 679 3284 pacem
717 3197 931 3283 perpetuam
964 3196 1073 3280 atque
1107 3185 1307 3260 amicitiam

349 3305 444 3400 regis
473 3301 708 3375 Francorum.
764 3303 824 3372 Ad
858 3301 935 3372 haec
968 3291 1124 3373 finaliter
1153 3324 1305 3398 respon-

349 3422 480 3494 derunt
522 3418 719 3505 castellani,
756 3418 853 3515 quod
888 3427 971 3491 ante
1006 3418 1212 3514 captionem
1247 3422 1305 3493 sui

245 3623 248 3628 ⁷
348 3539 457 3611 castri
487 3537 634 3611 fuerunt
664 3521 809 3634 Anglici
845 3536 1003 3622 natione,
1034 3537 1097 3610 sed
1131 3537 1206 3610 suis
1241 3538 1303 3610 de-

348 3654 455 3726 merit
456 3655 486 3726 is
515 3678 535 3727 a
563 3678 652 3751 pace
678 3662 714 3726 11
742 3653 899 3727 amicitia
924 3664 1033 3751 atque
1060 3653 1220 3728 incolatu
1246 3678 1302 3726 re-

348 3772 402 3868 gis
436 3771 579 3868 Angliae
618 3781 654 3844 et
692 3772 794 3868 regni
827 3771 987 3866 relegati,
1023 3771 1170 3858 exulati,
1205 3772 1302 3845 unde

347 3892 470 3964 locum
510 3914 619 3986 quem
662 3890 868 3962 habuerunt
909 3889 1063 3961 libenter
1104 3890 1302 3960 venderent

347 4018 411 4081 aut
441 4032 588 4081 commu
590 4015 718 4092 tarent
691 4007 815 4078 tsed
844 4004 935 4076 nulli
965 4005 1066 4100 prius
1095 4028 1201 4135 quam
1234 4028 1302 4076 suo

347 4126 423 4220 regi
466 4135 528 4198 nat
513 4125 632 4211 turali,
669 4123 805 4195 scilicet
839 4122 1080 4218 praeordinato
1115 4122 1189 4216 regi
1223 4123 1299 4194 An-

348 4243 439 4337 gliae,
462 4243 522 4316 cui
547 4251 588 4314 ut
608 4241 795 4327 dixerunt,
823 4238 941 4312 forent
967 4238 1167 4335 exposituri
1192 4262 1300 4311 suum
