3136 5016
231 629 428 721 nauld]
458 652 503 700 nn
524 651 652 700 narra
671 651 718 699 nr
738 649 979 702 swinaaonr.
1134 630 1182 701 63

228 782 357 854 northe
374 781 534 877 dirigens
551 781 763 867 exercitum,
780 780 844 853 ubi
861 789 980 853 castro
1002 803 1068 876 per
1090 789 1181 854 tem-

228 918 298 990 pus
333 895 480 990 aliquod
512 895 660 967 defenso
693 894 758 967 sed
791 896 936 968 tandem
965 919 1031 994 per
1060 920 1181 992 regem

228 1011 379 1085 viriliter
408 1020 628 1108 expugnato,
657 1013 935 1084 castellanorum
965 1013 1181 1108 quibusdam

229 1124 371 1210 occisis,
399 1123 574 1218 quosdam
596 1123 741 1216 fugatos
763 1124 965 1218 utlagiavit,
992 1132 1029 1196 et
1055 1148 1181 1197 eorum

228 1239 475 1334 possessiones
492 1238 712 1334 ubicumque
735 1238 774 1309 in
798 1262 865 1311 suo
886 1263 998 1334 regno
1021 1249 1181 1335 repertas

230 1355 453 1428 confiscavit.
506 1352 647 1426 Exinde
668 1353 853 1449 Salopiam
872 1355 955 1448 rege
977 1379 1182 1450 progresso,

229 1479 383 1565 uterque
412 1469 577 1564 Rogems
603 1469 648 1541 de
672 1468 917 1542 Mortuomari
943 1471 988 1542 ad
1018 1494 1183 1543 reveren-

228 1586 318 1658 tiam
347 1594 385 1658 et
413 1609 541 1682 pacem
571 1585 677 1681 regiae
706 1585 904 1680 majestatis
933 1609 972 1658 se
1000 1586 1182 1674 offerebat,

230 1725 322 1797 quos
339 1703 449 1775 turris
466 1701 663 1778 Londoniae
685 1701 860 1774 custodiae
882 1725 946 1773 rex
968 1701 1181 1776 transmisit.

229 1811 450 1890 Mauricium
468 1841 555 1890 vero
573 1817 617 1891 de
634 1817 825 1912 Berldeye,
844 1825 881 1889 et
898 1815 947 1888 H.
962 1815 1183 1915 D’andeleye

231 1933 276 2004 ad
297 1933 411 2006 instar
434 1933 580 2004 illorum
605 1933 650 2004 de
673 1931 825 2004 Mortuo
842 1931 933 2005 mari
950 1932 1026 2028 regi
1043 1933 1183 2040 subjec-

230 2056 287 2120 tos
321 2058 439 2122 castro
469 2048 756 2144 Wallingsordiae
790 2048 996 2122 destinavit.
1051 2049 1181 2122 Comes

230 2159 464 2247 Herefordiae,
496 2161 682 2234 Gilbertus
714 2159 856 2248 Talbot‚
889 2160 934 2232 R.
965 2161 1114 2233 Damori
1144 2169 1182 2234 et

230 2299 353 2348 omnes
374 2276 435 2350 alii
460 2276 511 2348 eis
534 2277 757 2349 adhaerentes
774 2277 821 2350 ad
838 2277 1008 2349 comitem
1024 2276 1181 2351 Lances·

229 2392 319 2479 triae,
350 2395 389 2465 in
418 2394 527 2488 plaga
556 2391 692 2466 boreali
719 2393 819 2489 ipsos
848 2400 1111 2487 expectantem,
1143 2417 1182 2464 se

229 2511 505 2582 transtulerunt.
575 2509 659 2580 Istis
700 2508 871 2603 perantia,
909 2506 1183 2603 archiepiscopo

229 2624 446 2722 praesidente
488 2624 527 2694 in
569 2623 723 2695 concilio
760 2621 958 2694 Londoniae
991 2623 1183 2708 celebrato,

188 2751 196 2758 “
229 2740 299 2813 suit
326 2763 392 2835 per
417 2740 583 2835 praelatos
610 2737 807 2834 provinciae
832 2737 1039 2809 Oantnariae
1065 2738 1183 2810 decla-

230 2864 363 2942 ratum,
381 2856 481 2951 quod
498 2877 691 2951 processus
713 2853 810 2926 exilii
831 2851 1060 2925 dominorum
1076 2851 1127 2924 Η.
1146 2861 1184 2925 et

230 2971 281 3043 H.
300 2973 335 3044 le
353 2971 509 3069 Spenser
530 2971 600 3045 fuit
623 2993 794 3043 erroneus
820 2979 857 3043 et
882 2970 928 3042 de
948 2970 1031 3064 jure
1054 2970 1183 3042 adnul-

230 3088 372 3174 landuS,
390 3089 488 3161 unde
511 3113 597 3160 cum
618 3087 774 3160 concilio
797 3088 1035 3160 decreverunt
1059 3087 1183 3166 exula-

227 3211 289 3276 tos
305 3202 435 3276 honori
452 3204 608 3300 pristino
625 3203 879 3304 restituendos.

280 3317 388 3391 Anno
410 3319 501 3391 1321
528 3318 644 3391 nihilo
666 3319 856 3415 pacificato
879 3342 925 3390 ex
949 3325 1052 3414 parte
1076 3318 1182 3392 baro-

231 3456 319 3504 num
337 3434 457 3506 oblato
474 3433 564 3527 regi,
583 3434 647 3506 sed
669 3433 757 3529 ipsis
780 3433 819 3504 in
841 3457 907 3506 sua
928 3433 1105 3528 pertinaci
1127 3457 1183 3506 re·

230 3550 387 3621 bellione
413 3559 539 3624 contra
563 3550 666 3644 regni
691 3559 838 3638 statuta,
866 3574 950 3644 rege
974 3549 1182 3623 inconsulto

232 3665 343 3738 immo
363 3666 490 3753 invito,
513 3690 661 3739 manum
685 3676 860 3739 armatam
882 3666 1180 3754 convocantibus,

230 3780 372 3854 vexillis
406 3781 616 3877 duplicatis,
651 3783 798 3855 armatis
831 3780 1083 3868 militantibus,
1117 3805 1182 3854 rex

233 3897 393 3970 exercitu
416 3899 619 3985 recollecto,
638 3899 735 3971 circa
756 3898 865 3970 finem
888 3898 1022 3970 mensis
1045 3897 1181 3968 Febru-

232 4013 297 4086 arii
323 4013 362 4084 in
387 4022 508 4108 partes
535 4014 697 4086 boreales
725 4037 808 4086 suas
835 4012 957 4109 copias
982 4010 1180 4107 promovit,

234 4128 336 4222 cujus
354 4128 548 4200 adventum
565 4129 719 4201 barones
740 4128 899 4200 animose
919 4125 1181 4221 praestolantes,

233 4253 317 4336 post
340 4243 549 4316 conflictum
570 4246 868 4338 qualemcumque
892 4243 987 4312 inter
1007 4237 1103 4309 acies
1126 4259 1181 4308 re-
