3136 5016
370 655 421 724 30
633 671 858 723 onaorucon
878 672 1060 720 onnrsmr

371 802 635 878 Lincolniensis
653 800 826 898 episcopi,
845 825 959 896 quum
977 800 1128 872 sedisset
1150 802 1199 872 20
1220 800 1324 872 annis

574 917 635 992 27.

421 1663 517 1736 Α.Ι).
542 1666 597 1736 15.
648 1663 705 1736 Ab
732 1665 834 1736 obitu
861 1662 1056 1736 Octaviani
1081 1662 1321 1759 imperatoris

373 1805 487 1877 quum
512 1779 724 1874 imperasset
751 1777 797 1851 57
824 1778 941 1864 annia,
969 1779 1135 1851 videlicet
1161 1786 1244 1849 ante
1270 1777 1324 1848 in-

373 1896 619 1968 carnationem
645 1897 694 1965 42
723 1895 839 1980 annis,
866 1903 903 1967 et
930 1904 1013 1990 post
1040 1893 1325 1967 incarnationem

377 2013 421 2082 15
445 2010 560 2096 annis,
583 2019 774 2105 totumque
797 2011 977 2084 mundum
999 2034 1066 2083 suo
1090 2011 1233 2106 subegit
1256 2011 1324 2081 im-

372 2126 484 2223 perio,
503 2149 598 2197 anno
615 2149 702 2198 vero
719 2127 802 2198 vitae
820 2151 894 2200 suae
911 2127 1177 2223 septuagesimo
1195 2135 1324 2199 octavo

579 2245 684 2313 1332.

422 2358 517 2432 Α.Ι).
538 2363 623 2432 3ll.
667 2361 725 2431 Ex
744 2386 817 2458 quo
835 2359 1097 2432 Constantinus
1115 2360 1329 2456 imperator,

373 2477 515 2550 devicto
538 2475 727 2572 Maxentio
750 2503 816 2574 per
838 2478 1012 2551 virtutem
1035 2485 1168 2549 sanctas
1191 2479 1322 2565 crucis,

372 2595 532 2691 suscepit
550 2593 743 2691 imperium
950 2593 1057 2667 1036.

421 2710 515 2784 Α.Ι).
536 2714 621 2784 340.
662 2712 720 2785 Ab
746 2713 849 2786 obitu
874 2711 1048 2808 ejusdem,
1068 2735 1182 2806 quum
1207 2710 1321 2806 impe-

371 2838 485 2901 rasset
502 2829 551 2900 30
568 2829 684 2915 annis,
703 2852 745 2900 ac
768 2827 958 2901 ecclesiam
979 2827 1050 2899 Dei
1072 2852 1146 2923 prae
1168 2827 1321 2922 impera-

370 2945 509 3016 toribus
527 2943 777 3016 confirmasset
793 2951 830 3014 et
847 2940 1319 3015 dotasset———1007.

420 3056 517 3130 Α.Ι).
547 3060 632 3133 859.
685 3055 742 3128 Ex
772 3081 844 3152 quo
873 3055 970 3128 Dani
999 3081 1153 3152 regnum
1179 3057 1321 3153 Angliae

370 3175 616 3259 devastarunt,
647 3181 684 3244 et
717 3196 839 3266 regern
869 3169 1220 3246 christianissimum
1248 3175 1321 3271 Ay-

370 3291 550 3363 mundum
567 3288 1122 3362 decollaverunt—478.

420 3405 516 3477 Α.Ι).
534 3403 620 3477 477.
660 3403 717 3475 Ex
743 3411 816 3500 quo
842 3404 1020 3478 Merlinus
1048 3416 1151 3479 vates
1176 3407 1215 3478 in
1240 3405 1321 3478 Bri-

371 3523 495 3596 tannia
516 3521 650 3607 floruit,
670 3529 706 3593 et
728 3546 808 3616 quae
833 3519 955 3595 futura
980 3531 1083 3596 erant
1109 3521 1321 3595 Britonibus

370 3637 603 3736 prophetavit
806 3635 890 3712 870.
