<?xml version="1.0" encoding="UTF-8"?>
<!DOCTYPE html PUBLIC "-//W3C//DTD XHTML 1.0 Transitional//EN"
    "http://www.w3.org/TR/xhtml1/DTD/xhtml1-transitional.dtd">
<html xmlns="http://www.w3.org/1999/xhtml" xml:lang="en" lang="en">
 <head>
  <title>
</title>
<meta http-equiv="Content-Type" content="text/html;charset=utf-8" />
  <meta name='ocr-system' content='tesseract 3.04.00' />
  <meta name='ocr-capabilities' content='ocr_page ocr_carea ocr_par ocr_line ocrx_word'/>
</head>
<body>
  <div class='ocr_page' id='page_1' title='image "./galfridilebaker00gilegoog_0045.png"; bbox 0 0 3142 5028; ppageno 0'>
   <div class='ocr_carea' id='block_1_1' title="bbox 464 655 1196 727">
    <p class='ocr_par' dir='ltr' id='par_1_1' title="bbox 464 655 1196 727">
     <span class='ocr_line' id='line_1_1' title="bbox 464 655 1196 727; baseline -0.001 0"><span class='ocrx_word' id='word_1_1' title='bbox 464 677 508 727; x_wconf 80' lang='lat' dir='ltr'>nu</span> <span class='ocrx_word' id='word_1_2' title='bbox 529 676 655 726; x_wconf 75' lang='lat' dir='ltr'>annun</span> <span class='ocrx_word' id='word_1_3' title='bbox 674 677 722 726; x_wconf 85' lang='lat' dir='ltr'>nu</span> <span class='ocrx_word' id='word_1_4' title='bbox 742 675 981 726; x_wconf 78' lang='lat' dir='ltr'>sw1nnno1m.</span> <span class='ocrx_word' id='word_1_5' title='bbox 1153 655 1196 726; x_wconf 86' lang='lat'>41</span> 
     </span>
    </p>
   </div>
   <div class='ocr_carea' id='block_1_2' title="bbox 243 802 1202 2178">
    <p class='ocr_par' dir='ltr' id='par_1_2' title="bbox 245 802 1200 1135">
     <span class='ocr_line' id='line_1_2' title="bbox 245 802 1199 903; baseline -0.002 -24"><span class='ocrx_word' id='word_1_6' title='bbox 245 805 342 903; x_wconf 84' lang='lat' dir='ltr'>apud</span> <span class='ocrx_word' id='word_1_7' title='bbox 361 804 499 878; x_wconf 86' lang='lat' dir='ltr'>Kerdif.</span> <span class='ocrx_word' id='word_1_8' title='bbox 551 803 732 877; x_wconf 85' lang='lat' dir='ltr'><strong>Dominus</strong></span> <span class='ocrx_word' id='word_1_9' title='bbox 753 802 936 876; x_wconf 86' lang='lat' dir='ltr'>Henricus</span> <span class='ocrx_word' id='word_1_10' title='bbox 957 802 1081 876; x_wconf 89' lang='lat' dir='ltr'>Thieis</span> <span class='ocrx_word' id='word_1_11' title='bbox 1104 813 1199 877; x_wconf 86' lang='lat' dir='ltr'>trao-</span> 
     </span>
     <span class='ocr_line' id='line_1_3' title="bbox 246 917 1200 1018; baseline -0.003 -23"><span class='ocrx_word' id='word_1_12' title='bbox 246 932 306 995; x_wconf 89' lang='lat' dir='ltr'>tus</span> <span class='ocrx_word' id='word_1_13' title='bbox 331 931 368 995; x_wconf 90' lang='lat' dir='ltr'>et</span> <span class='ocrx_word' id='word_1_14' title='bbox 394 944 591 1018; x_wconf 87' lang='lat' dir='ltr'>suspensus</span> <span class='ocrx_word' id='word_1_15' title='bbox 611 919 820 1006; x_wconf 87' lang='lat' dir='ltr'>Londoniae,</span> <span class='ocrx_word' id='word_1_16' title='bbox 839 928 875 993; x_wconf 89' lang='lat' dir='ltr'>et</span> <span class='ocrx_word' id='word_1_17' title='bbox 897 920 1066 993; x_wconf 89' lang='lat' dir='ltr'>dominus</span> <span class='ocrx_word' id='word_1_18' title='bbox 1087 917 1200 992; x_wconf 86' lang='lat' dir='ltr'>Fran-</span> 
     </span>
     <span class='ocr_line' id='line_1_4' title="bbox 246 1038 1010 1135; baseline 0 -23"><span class='ocrx_word' id='word_1_19' title='bbox 246 1040 365 1112; x_wconf 82' lang='lat' dir='ltr'>cisous</span> <span class='ocrx_word' id='word_1_20' title='bbox 383 1041 428 1112; x_wconf 88' lang='lat' dir='ltr'>de</span> <span class='ocrx_word' id='word_1_21' title='bbox 444 1039 624 1112; x_wconf 90' lang='lat' dir='ltr'>Aldeham</span> <span class='ocrx_word' id='word_1_22' title='bbox 640 1039 739 1135; x_wconf 90' lang='lat' dir='ltr'>apud</span> <span class='ocrx_word' id='word_1_23' title='bbox 756 1038 1010 1112; x_wconf 86' lang='lat' dir='ltr'>Windesoure.</span> 
     </span>
    </p>

    <p class='ocr_par' dir='ltr' id='par_1_3' title="bbox 246 1153 1198 1368">
     <span class='ocr_line' id='line_1_5' title="bbox 294 1153 1198 1251; baseline 0.001 -23"><span class='ocrx_word' id='word_1_24' title='bbox 294 1155 475 1229; x_wconf 89' lang='lat' dir='ltr'>Dominus</span> <span class='ocrx_word' id='word_1_25' title='bbox 491 1155 651 1228; x_wconf 83' lang='lat' dir='ltr'>Thomas</span> <span class='ocrx_word' id='word_1_26' title='bbox 673 1153 877 1251; x_wconf 89' lang='lat' dir='ltr'>Colopeper</span> <span class='ocrx_word' id='word_1_27' title='bbox 899 1164 1039 1229; x_wconf 87' lang='lat' dir='ltr'>tractus</span> <span class='ocrx_word' id='word_1_28' title='bbox 1061 1163 1139 1228; x_wconf 86' lang='lat' dir='ltr'>erat</span> <span class='ocrx_word' id='word_1_29' title='bbox 1161 1165 1198 1229; x_wconf 87' lang='lat' dir='ltr'>et</span> 
     </span>
     <span class='ocr_line' id='line_1_6' title="bbox 246 1270 802 1368; baseline -0.002 -24"><span class='ocrx_word' id='word_1_30' title='bbox 246 1295 447 1367; x_wconf 88' lang='lat' dir='ltr'>suspensus</span> <span class='ocrx_word' id='word_1_31' title='bbox 463 1271 561 1368; x_wconf 89' lang='lat' dir='ltr'>apud</span> <span class='ocrx_word' id='word_1_32' title='bbox 578 1270 802 1343; x_wconf 89' lang='lat' dir='ltr'>Winohelse.</span> 
     </span>
    </p>

    <p class='ocr_par' dir='ltr' id='par_1_4' title="bbox 243 1385 1202 1945">
     <span class='ocr_line' id='line_1_7' title="bbox 298 1385 1201 1482; baseline 0.001 -23"><span class='ocrx_word' id='word_1_33' title='bbox 298 1387 480 1460; x_wconf 85' lang='lat' dir='ltr'><strong>Dominus</strong></span> <span class='ocrx_word' id='word_1_34' title='bbox 501 1386 666 1482; x_wconf 85' lang='lat' dir='ltr'>Rogems</span> <span class='ocrx_word' id='word_1_35' title='bbox 689 1387 734 1458; x_wconf 89' lang='lat' dir='ltr'>de</span> <span class='ocrx_word' id='word_1_36' title='bbox 756 1385 1001 1459; x_wconf 88' lang='lat' dir='ltr'>Mortuomari</span> <span class='ocrx_word' id='word_1_37' title='bbox 1022 1387 1142 1460; x_wconf 88' lang='lat' dir='ltr'>senior</span> <span class='ocrx_word' id='word_1_38' title='bbox 1164 1397 1201 1460; x_wconf 89' lang='lat' dir='ltr'>et</span> 
     </span>
     <span class='ocr_line' id='line_1_8' title="bbox 243 1501 1201 1602; baseline -0.001 -25"><span class='ocrx_word' id='word_1_39' title='bbox 243 1504 381 1602; x_wconf 88' lang='lat' dir='ltr'>junior,</span> <span class='ocrx_word' id='word_1_40' title='bbox 399 1503 601 1576; x_wconf 85' lang='lat' dir='ltr'>Mauricius</span> <span class='ocrx_word' id='word_1_41' title='bbox 625 1503 670 1575; x_wconf 89' lang='lat' dir='ltr'>de</span> <span class='ocrx_word' id='word_1_42' title='bbox 693 1501 872 1598; x_wconf 87' lang='lat' dir='ltr'>Berkeley</span> <span class='ocrx_word' id='word_1_43' title='bbox 893 1502 1023 1589; x_wconf 88' lang='lat' dir='ltr'>senior,</span> <span class='ocrx_word' id='word_1_44' title='bbox 1041 1502 1201 1576; x_wconf 86' lang='lat' dir='ltr'>Joannes</span> 
     </span>
     <span class='ocr_line' id='line_1_9' title="bbox 247 1617 1201 1714; baseline 0 -22"><span class='ocrx_word' id='word_1_45' title='bbox 247 1621 291 1692; x_wconf 93' lang='lat' dir='ltr'>de</span> <span class='ocrx_word' id='word_1_46' title='bbox 308 1618 540 1706; x_wconf 88' lang='lat' dir='ltr'>Charletone‚</span> <span class='ocrx_word' id='word_1_47' title='bbox 560 1618 743 1691; x_wconf 88' lang='lat' dir='ltr'>Robertus</span> <span class='ocrx_word' id='word_1_48' title='bbox 763 1619 808 1690; x_wconf 91' lang='lat' dir='ltr'>de</span> <span class='ocrx_word' id='word_1_49' title='bbox 826 1617 1019 1714; x_wconf 89' lang='lat' dir='ltr'>Hoylande</span> <span class='ocrx_word' id='word_1_50' title='bbox 1039 1618 1201 1692; x_wconf 88' lang='lat' dir='ltr'>reddide-</span> 
     </span>
     <span class='ocr_line' id='line_1_10' title="bbox 248 1734 1202 1830; baseline -0.002 -21"><span class='ocrx_word' id='word_1_51' title='bbox 248 1746 333 1809; x_wconf 87' lang='lat' dir='ltr'>runt</span> <span class='ocrx_word' id='word_1_52' title='bbox 351 1759 389 1808; x_wconf 89' lang='lat' dir='ltr'>se</span> <span class='ocrx_word' id='word_1_53' title='bbox 406 1735 587 1808; x_wconf 89' lang='lat' dir='ltr'>voluntati</span> <span class='ocrx_word' id='word_1_54' title='bbox 608 1734 747 1806; x_wconf 89' lang='lat' dir='ltr'>domini</span> <span class='ocrx_word' id='word_1_55' title='bbox 769 1734 877 1830; x_wconf 80' lang='lat' dir='ltr'>regie,</span> <span class='ocrx_word' id='word_1_56' title='bbox 898 1734 961 1830; x_wconf 92' lang='lat' dir='ltr'>qui</span> <span class='ocrx_word' id='word_1_57' title='bbox 977 1735 1067 1807; x_wconf 85' lang='lat' dir='ltr'>locis</span> <span class='ocrx_word' id='word_1_58' title='bbox 1085 1734 1202 1807; x_wconf 87' lang='lat' dir='ltr'>diver-</span> 
     </span>
     <span class='ocr_line' id='line_1_11' title="bbox 249 1849 794 1945; baseline -0.009 -20"><span class='ocrx_word' id='word_1_59' title='bbox 249 1853 297 1925; x_wconf 88' lang='lat' dir='ltr'>sis</span> <span class='ocrx_word' id='word_1_60' title='bbox 314 1852 448 1925; x_wconf 85' lang='lat' dir='ltr'>carceri</span> <span class='ocrx_word' id='word_1_61' title='bbox 465 1860 569 1923; x_wconf 85' lang='lat' dir='ltr'>erant</span> <span class='ocrx_word' id='word_1_62' title='bbox 586 1849 794 1945; x_wconf 90' lang='lat' dir='ltr'>mancipati.</span> 
     </span>
    </p>

    <p class='ocr_par' dir='ltr' id='par_1_5' title="bbox 250 1965 1201 2178">
     <span class='ocr_line' id='line_1_12' title="bbox 297 1965 1201 2058; baseline 0.003 -19"><span class='ocrx_word' id='word_1_63' title='bbox 297 1967 447 2039; x_wconf 88' lang='lat' dir='ltr'>Domini</span> <span class='ocrx_word' id='word_1_64' title='bbox 472 1965 633 2039; x_wconf 88' lang='lat' dir='ltr'>Joaunes</span> <span class='ocrx_word' id='word_1_65' title='bbox 661 1967 706 2038; x_wconf 92' lang='lat' dir='ltr'>de</span> <span class='ocrx_word' id='word_1_66' title='bbox 731 1965 946 2051; x_wconf 88' lang='lat' dir='ltr'>Boutetour,</span> <span class='ocrx_word' id='word_1_67' title='bbox 971 1965 1131 2058; x_wconf 87' lang='lat' dir='ltr'>Joannes</span> <span class='ocrx_word' id='word_1_68' title='bbox 1157 1966 1201 2042; x_wconf 91' lang='lat' dir='ltr'>de</span> 
     </span>
     <span class='ocr_line' id='line_1_13' title="bbox 250 2080 1201 2178; baseline 0 -24"><span class='ocrx_word' id='word_1_69' title='bbox 250 2082 465 2178; x_wconf 85' lang='lat' dir='ltr'>Kingstone,</span> <span class='ocrx_word' id='word_1_70' title='bbox 485 2081 662 2154; x_wconf 89' lang='lat' dir='ltr'>Nicolaus</span> <span class='ocrx_word' id='word_1_71' title='bbox 688 2081 734 2154; x_wconf 92' lang='lat' dir='ltr'>de</span> <span class='ocrx_word' id='word_1_72' title='bbox 760 2080 886 2177; x_wconf 87' lang='lat' dir='ltr'>Peroy,</span> <span class='ocrx_word' id='word_1_73' title='bbox 909 2081 1068 2155; x_wconf 80' lang='lat' dir='ltr'>loannes</span> <span class='ocrx_word' id='word_1_74' title='bbox 1093 2081 1201 2154; x_wconf 91' lang='lat' dir='ltr'>Mau-</span> 
     </span>
    </p>
   </div>
   <div class='ocr_carea' id='block_1_3' title="bbox 249 2195 1204 2409">
    <p class='ocr_par' dir='ltr' id='par_1_6' title="bbox 249 2195 1204 2409">
     <span class='ocr_line' id='line_1_14' title="bbox 249 2195 1201 2294; baseline -0.002 -22"><span class='ocrx_word' id='word_1_75' title='bbox 249 2208 397 2287; x_wconf 85' lang='lat' dir='ltr'>travers‚</span> <span class='ocrx_word' id='word_1_76' title='bbox 417 2197 632 2270; x_wconf 88' lang='lat' dir='ltr'>Edmundus</span> <span class='ocrx_word' id='word_1_77' title='bbox 653 2195 832 2284; x_wconf 85' lang='lat' dir='ltr'>Haolude,</span> <span class='ocrx_word' id='word_1_78' title='bbox 850 2196 1011 2270; x_wconf 88' lang='lat' dir='ltr'>Joannes</span> <span class='ocrx_word' id='word_1_79' title='bbox 1029 2197 1074 2270; x_wconf 90' lang='lat' dir='ltr'>de</span> <span class='ocrx_word' id='word_1_80' title='bbox 1092 2196 1201 2294; x_wconf 87' lang='lat' dir='ltr'>Sapy,</span> 
     </span>
     <span class='ocr_line' id='line_1_15' title="bbox 250 2311 1204 2409; baseline 0 -23"><span class='ocrx_word' id='word_1_81' title='bbox 250 2314 432 2387; x_wconf 82' lang='lat' dir='ltr'>Robertus</span> <span class='ocrx_word' id='word_1_82' title='bbox 466 2314 511 2385; x_wconf 86' lang='lat' dir='ltr'>de</span> <span class='ocrx_word' id='word_1_83' title='bbox 546 2311 817 2398; x_wconf 89' lang='lat' dir='ltr'>Wathemville,</span> <span class='ocrx_word' id='word_1_84' title='bbox 860 2312 1051 2409; x_wconf 81' lang='lat' dir='ltr'>Philippus</span> <span class='ocrx_word' id='word_1_85' title='bbox 1085 2315 1130 2386; x_wconf 91' lang='lat' dir='ltr'>de</span> <span class='ocrx_word' id='word_1_86' title='bbox 1166 2314 1204 2386; x_wconf 90' lang='lat' dir='ltr'>la</span> 
     </span>
    </p>
   </div>
   <div class='ocr_carea' id='block_1_4' title="bbox 249 2426 1206 3918">
    <p class='ocr_par' dir='ltr' id='par_1_7' title="bbox 249 2426 1204 2873">
     <span class='ocr_line' id='line_1_16' title="bbox 251 2426 1203 2516; baseline 0 -16"><span class='ocrx_word' id='word_1_87' title='bbox 251 2429 384 2515; x_wconf 88' lang='lat' dir='ltr'>Beche,</span> <span class='ocrx_word' id='word_1_88' title='bbox 411 2430 571 2502; x_wconf 82' lang='lat' dir='ltr'>loannes</span> <span class='ocrx_word' id='word_1_89' title='bbox 601 2429 646 2500; x_wconf 87' lang='lat' dir='ltr'>de</span> <span class='ocrx_word' id='word_1_90' title='bbox 675 2426 807 2516; x_wconf 78' lang='lat' dir='ltr'>Barke,</span> <span class='ocrx_word' id='word_1_91' title='bbox 835 2426 1017 2501; x_wconf 89' lang='lat' dir='ltr'>Henrious</span> <span class='ocrx_word' id='word_1_92' title='bbox 1047 2429 1092 2500; x_wconf 91' lang='lat' dir='ltr'>de</span> <span class='ocrx_word' id='word_1_93' title='bbox 1122 2427 1203 2500; x_wconf 91' lang='lat' dir='ltr'>Lai·</span> 
     </span>
     <span class='ocr_line' id='line_1_17' title="bbox 249 2544 1204 2640; baseline -0.001 -22"><span class='ocrx_word' id='word_1_94' title='bbox 249 2547 401 2618; x_wconf 88' lang='lat' dir='ltr'>bourne.</span> <span class='ocrx_word' id='word_1_95' title='bbox 463 2544 530 2617; x_wconf 88' lang='lat' dir='ltr'>Isti</span> <span class='ocrx_word' id='word_1_96' title='bbox 563 2546 688 2617; x_wconf 89' lang='lat' dir='ltr'>decem</span> <span class='ocrx_word' id='word_1_97' title='bbox 722 2568 808 2617; x_wconf 90' lang='lat' dir='ltr'>oum</span> <span class='ocrx_word' id='word_1_98' title='bbox 842 2545 1028 2640; x_wconf 84' lang='lat' dir='ltr'>sexaginta</span> <span class='ocrx_word' id='word_1_99' title='bbox 1061 2544 1204 2618; x_wconf 91' lang='lat' dir='ltr'>duobus</span> 
     </span>
     <span class='ocr_line' id='line_1_18' title="bbox 251 2659 1203 2735; baseline 0 -1"><span class='ocrx_word' id='word_1_100' title='bbox 251 2661 331 2734; x_wconf 87' lang='lat' dir='ltr'>aliis</span> <span class='ocrx_word' id='word_1_101' title='bbox 365 2660 542 2732; x_wconf 87' lang='lat' dir='ltr'>militibus</span> <span class='ocrx_word' id='word_1_102' title='bbox 577 2668 663 2732; x_wconf 88' lang='lat' dir='ltr'>sunt</span> <span class='ocrx_word' id='word_1_103' title='bbox 696 2660 734 2731; x_wconf 89' lang='lat' dir='ltr'>in</span> <span class='ocrx_word' id='word_1_104' title='bbox 768 2659 919 2732; x_wconf 85' lang='lat' dir='ltr'>diversis</span> <span class='ocrx_word' id='word_1_105' title='bbox 948 2659 1038 2735; x_wconf 88' lang='lat' dir='ltr'>locis</span> <span class='ocrx_word' id='word_1_106' title='bbox 1068 2660 1203 2734; x_wconf 87' lang='lat' dir='ltr'>carceri</span> 
     </span>
     <span class='ocr_line' id='line_1_19' title="bbox 250 2776 462 2873; baseline -0.019 -22"><span class='ocrx_word' id='word_1_107' title='bbox 250 2776 462 2873; x_wconf 89' lang='lat' dir='ltr'>mancipati.</span> 
     </span>
    </p>

    <p class='ocr_par' dir='ltr' id='par_1_8' title="bbox 252 2891 1206 3918">
     <span class='ocr_line' id='line_1_20' title="bbox 301 2891 1203 2968; baseline 0.004 -4"><span class='ocrx_word' id='word_1_108' title='bbox 301 2892 396 2965; x_wconf 91' lang='grc' dir='ltr'>Α.Ι).</span> <span class='ocrx_word' id='word_1_109' title='bbox 420 2891 527 2964; x_wconf 85' lang='grc'><strong>1325.</strong></span> <span class='ocrx_word' id='word_1_110' title='bbox 563 2891 722 2965; x_wconf 88' lang='lat' dir='ltr'>Domina</span> <span class='ocrx_word' id='word_1_111' title='bbox 738 2892 891 2964; x_wconf 88' lang='lat' dir='ltr'>Isabella</span> <span class='ocrx_word' id='word_1_112' title='bbox 907 2892 1131 2966; x_wconf 89' lang='lat' dir='ltr'>nobilissima</span> <span class='ocrx_word' id='word_1_113' title='bbox 1148 2919 1203 2968; x_wconf 88' lang='lat' dir='ltr'>re-</span> 
     </span>
     <span class='ocr_line' id='line_1_21' title="bbox 252 3007 1203 3104; baseline 0.004 -24"><span class='ocrx_word' id='word_1_114' title='bbox 252 3007 337 3104; x_wconf 82' lang='lat' dir='ltr'>gina</span> <span class='ocrx_word' id='word_1_115' title='bbox 361 3008 501 3104; x_wconf 85' lang='lat' dir='ltr'>Angliae</span> <span class='ocrx_word' id='word_1_116' title='bbox 526 3032 612 3080; x_wconf 87' lang='lat' dir='ltr'>oum</span> <span class='ocrx_word' id='word_1_117' title='bbox 639 3007 788 3080; x_wconf 91' lang='lat' dir='ltr'>domino</span> <span class='ocrx_word' id='word_1_118' title='bbox 817 3007 995 3083; x_wconf 89' lang='lat' dir='ltr'>Edwardo</span> <span class='ocrx_word' id='word_1_119' title='bbox 1021 3008 1097 3084; x_wconf 93' lang='lat' dir='ltr'>filio</span> <span class='ocrx_word' id='word_1_120' title='bbox 1124 3033 1203 3096; x_wconf 86' lang='lat' dir='ltr'>suo,</span> 
     </span>
     <span class='ocr_line' id='line_1_22' title="bbox 253 3122 1204 3222; baseline 0.002 -24"><span class='ocrx_word' id='word_1_121' title='bbox 253 3149 320 3222; x_wconf 94' lang='lat' dir='ltr'>pro</span> <span class='ocrx_word' id='word_1_122' title='bbox 354 3149 443 3221; x_wconf 89' lang='lat' dir='ltr'>paoe</span> <span class='ocrx_word' id='word_1_123' title='bbox 476 3125 572 3196; x_wconf 90' lang='lat' dir='ltr'>inter</span> <span class='ocrx_word' id='word_1_124' title='bbox 605 3123 796 3197; x_wconf 89' lang='lat' dir='ltr'>dominum</span> <span class='ocrx_word' id='word_1_125' title='bbox 828 3122 1047 3197; x_wconf 87' lang='lat' dir='ltr'>Edwardum</span> <span class='ocrx_word' id='word_1_126' title='bbox 1082 3149 1204 3222; x_wconf 85' lang='lat' dir='ltr'>regem</span> 
     </span>
     <span class='ocr_line' id='line_1_23' title="bbox 252 3238 1203 3335; baseline 0.003 -23"><span class='ocrx_word' id='word_1_127' title='bbox 252 3241 403 3335; x_wconf 82' lang='lat' dir='ltr'>Angliae,</span> <span class='ocrx_word' id='word_1_128' title='bbox 422 3241 595 3312; x_wconf 83' lang='lat' dir='ltr'>maritum</span> <span class='ocrx_word' id='word_1_129' title='bbox 618 3263 738 3326; x_wconf 90' lang='lat' dir='ltr'>suum,</span> <span class='ocrx_word' id='word_1_130' title='bbox 757 3248 794 3311; x_wconf 92' lang='lat' dir='ltr'>et</span> <span class='ocrx_word' id='word_1_131' title='bbox 818 3263 941 3334; x_wconf 84' lang='lat' dir='ltr'>regem</span> <span class='ocrx_word' id='word_1_132' title='bbox 965 3238 1126 3314; x_wconf 87' lang='lat' dir='ltr'>Franciae</span> <span class='ocrx_word' id='word_1_133' title='bbox 1148 3266 1203 3315; x_wconf 87' lang='lat' dir='ltr'>re-</span> 
     </span>
     <span class='ocr_line' id='line_1_24' title="bbox 252 3353 1203 3454; baseline 0.003 -26"><span class='ocrx_word' id='word_1_134' title='bbox 252 3356 451 3444; x_wconf 79' lang='lat' dir='ltr'>formanda,</span> <span class='ocrx_word' id='word_1_135' title='bbox 470 3357 508 3429; x_wconf 91' lang='lat' dir='ltr'>in</span> <span class='ocrx_word' id='word_1_136' title='bbox 525 3354 715 3428; x_wconf 87' lang='lat' dir='ltr'>Franciam</span> <span class='ocrx_word' id='word_1_137' title='bbox 732 3353 987 3429; x_wconf 83' lang='lat' dir='ltr'>transfretavit.</span> <span class='ocrx_word' id='word_1_138' title='bbox 1024 3355 1088 3454; x_wconf 23' lang='lat' dir='ltr'>*Et</span> <span class='ocrx_word' id='word_1_139' title='bbox 1108 3381 1203 3432; x_wconf 92' lang='lat' dir='ltr'>anno</span> 
     </span>
     <span class='ocr_line' id='line_1_25' title="bbox 255 3471 1204 3569; baseline 0.003 -24"><span class='ocrx_word' id='word_1_140' title='bbox 255 3473 423 3569; x_wconf 88' lang='lat' dir='ltr'>proximo</span> <span class='ocrx_word' id='word_1_141' title='bbox 457 3481 630 3568; x_wconf 87' lang='lat' dir='ltr'>sequente</span> <span class='ocrx_word' id='word_1_142' title='bbox 668 3496 753 3544; x_wconf 87' lang='lat' dir='ltr'>cum</span> <span class='ocrx_word' id='word_1_143' title='bbox 792 3473 949 3544; x_wconf 89' lang='lat' dir='ltr'>dominis</span> <span class='ocrx_word' id='word_1_144' title='bbox 983 3471 1125 3546; x_wconf 86' lang='lat' dir='ltr'>Joanne</span> <span class='ocrx_word' id='word_1_145' title='bbox 1159 3476 1204 3548; x_wconf 91' lang='lat' dir='ltr'>de</span> 
     </span>
     <span class='ocr_line' id='line_1_26' title="bbox 257 3586 1205 3686; baseline 0.003 -25"><span class='ocrx_word' id='word_1_146' title='bbox 257 3588 449 3675; x_wconf 90' lang='lat' dir='ltr'>Henoude‚</span> <span class='ocrx_word' id='word_1_147' title='bbox 478 3588 622 3684; x_wconf 85' lang='lat' dir='ltr'>Rogero</span> <span class='ocrx_word' id='word_1_148' title='bbox 648 3588 693 3660; x_wconf 88' lang='lat' dir='ltr'>de</span> <span class='ocrx_word' id='word_1_149' title='bbox 720 3586 975 3676; x_wconf 86' lang='lat' dir='ltr'>Mortuomari,</span> <span class='ocrx_word' id='word_1_150' title='bbox 1002 3597 1039 3661; x_wconf 89' lang='lat' dir='ltr'>et</span> <span class='ocrx_word' id='word_1_151' title='bbox 1073 3614 1205 3686; x_wconf 81' lang='lat' dir='ltr'>magna</span> 
     </span>
     <span class='ocr_line' id='line_1_27' title="bbox 254 3704 1206 3804; baseline 0.003 -26"><span class='ocrx_word' id='word_1_152' title='bbox 254 3706 488 3778; x_wconf 88' lang='lat' dir='ltr'>multitudine</span> <span class='ocrx_word' id='word_1_153' title='bbox 513 3705 718 3800; x_wconf 82' lang='lat' dir='ltr'>Anglorum</span> <span class='ocrx_word' id='word_1_154' title='bbox 743 3714 780 3776; x_wconf 94' lang='lat' dir='ltr'>et</span> <span class='ocrx_word' id='word_1_155' title='bbox 805 3704 1081 3795; x_wconf 86' lang='lat' dir='ltr'>Hanondorum‚</span> <span class='ocrx_word' id='word_1_156' title='bbox 1108 3710 1206 3804; x_wconf 88' lang='lat' dir='ltr'>apud</span> 
     </span>
     <span class='ocr_line' id='line_1_28' title="bbox 257 3820 1206 3918; baseline 0.003 -24"><span class='ocrx_word' id='word_1_157' title='bbox 257 3821 484 3918; x_wconf 88' lang='lat' dir='ltr'>Gipeswiche</span> <span class='ocrx_word' id='word_1_158' title='bbox 509 3820 547 3891; x_wconf 92' lang='lat' dir='ltr'>iu</span> <span class='ocrx_word' id='word_1_159' title='bbox 569 3820 741 3916; x_wconf 85' lang='lat' dir='ltr'>Angliam</span> <span class='ocrx_word' id='word_1_160' title='bbox 763 3820 949 3916; x_wconf 86' lang='lat' dir='ltr'>applicuit.</span> <span class='ocrx_word' id='word_1_161' title='bbox 1007 3822 1056 3896; x_wconf 89' lang='lat' dir='ltr'>Et</span> <span class='ocrx_word' id='word_1_162' title='bbox 1078 3824 1206 3898; x_wconf 89' lang='lat' dir='ltr'>eodem</span> 
     </span>
    </p>
   </div>
   <div class='ocr_carea' id='block_1_5' title="bbox 255 3937 1233 4382">
    <p class='ocr_par' dir='ltr' id='par_1_9' title="bbox 255 3937 1233 4382">
     <span class='ocr_line' id='line_1_29' title="bbox 255 3937 1207 4036; baseline 0.004 -25"><span class='ocrx_word' id='word_1_163' title='bbox 255 3963 352 4012; x_wconf 90' lang='lat' dir='ltr'>anno</span> <span class='ocrx_word' id='word_1_164' title='bbox 370 3938 482 4034; x_wconf 82' lang='lat' dir='ltr'>Hugo</span> <span class='ocrx_word' id='word_1_165' title='bbox 500 3938 740 4034; x_wconf 89' lang='lat' dir='ltr'>Dispensator</span> <span class='ocrx_word' id='word_1_166' title='bbox 757 3961 879 4011; x_wconf 86' lang='lat' dir='ltr'>comes</span> <span class='ocrx_word' id='word_1_167' title='bbox 893 3937 1091 4013; x_wconf 90' lang='lat' dir='ltr'>Wintoniae</span> <span class='ocrx_word' id='word_1_168' title='bbox 1108 3942 1207 4036; x_wconf 90' lang='lat' dir='ltr'>apud</span> 
     </span>
     <span class='ocr_line' id='line_1_30' title="bbox 256 4053 1207 4162; baseline 0.004 -36"><span class='ocrx_word' id='word_1_169' title='bbox 256 4055 480 4129; x_wconf 85' lang='lat' dir='ltr'>Bristolliam</span> <span class='ocrx_word' id='word_1_170' title='bbox 513 4064 551 4126; x_wconf 86' lang='lat' dir='ltr'>et</span> <span class='ocrx_word' id='word_1_171' title='bbox 586 4053 698 4149; x_wconf 86' lang='lat' dir='ltr'>Hugo</span> <span class='ocrx_word' id='word_1_172' title='bbox 729 4053 968 4162; x_wconf 86' lang='lat' dir='ltr'>Dispensator</span> <span class='ocrx_word' id='word_1_173' title='bbox 996 4055 1094 4127; x_wconf 87' lang='lat' dir='ltr'>filius</span> <span class='ocrx_word' id='word_1_174' title='bbox 1128 4057 1207 4150; x_wconf 86' lang='lat' dir='ltr'>ejus</span> 
     </span>
     <span class='ocr_line' id='line_1_31' title="bbox 256 4169 1233 4268; baseline -0.002 -23"><span class='ocrx_word' id='word_1_175' title='bbox 256 4172 355 4268; x_wconf 87' lang='lat' dir='ltr'>apud</span> <span class='ocrx_word' id='word_1_176' title='bbox 380 4171 603 4245; x_wconf 87' lang='lat' dir='ltr'>Herefordiae</span> <span class='ocrx_word' id='word_1_177' title='bbox 628 4195 713 4244; x_wconf 88' lang='lat' dir='ltr'>oum</span> <span class='ocrx_word' id='word_1_178' title='bbox 742 4169 890 4244; x_wconf 85' lang='lat' dir='ltr'>Simone</span> <span class='ocrx_word' id='word_1_179' title='bbox 915 4173 960 4244; x_wconf 91' lang='lat' dir='ltr'>de</span> <span class='ocrx_word' id='word_1_180' title='bbox 986 4171 1077 4242; x_wconf 89' lang='lat' dir='ltr'>Rad.</span> <span class='ocrx_word' id='word_1_181' title='bbox 1102 4173 1209 4246; x_wconf 86' lang='lat' dir='ltr'>tracti</span> <span class='ocrx_word' id='word_1_182' title='bbox 1231 4223 1233 4227; x_wconf 90' lang='lat'>-</span> 
     </span>
     <span class='ocr_line' id='line_1_32' title="bbox 258 4285 1208 4382; baseline 0.003 -23"><span class='ocrx_word' id='word_1_183' title='bbox 258 4297 360 4360; x_wconf 90' lang='lat' dir='ltr'>erant</span> <span class='ocrx_word' id='word_1_184' title='bbox 395 4296 432 4360; x_wconf 91' lang='lat' dir='ltr'>et</span> <span class='ocrx_word' id='word_1_185' title='bbox 466 4288 643 4382; x_wconf 85' lang='lat' dir='ltr'>suspensi.</span> <span class='ocrx_word' id='word_1_186' title='bbox 705 4286 754 4359; x_wconf 86' lang='lat' dir='ltr'>Et</span> <span class='ocrx_word' id='word_1_187' title='bbox 788 4287 955 4359; x_wconf 87' lang='lat' dir='ltr'>dominus</span> <span class='ocrx_word' id='word_1_188' title='bbox 991 4285 1208 4362; x_wconf 87' lang='lat' dir='ltr'>Edmundus</span> 
     </span>
    </p>
   </div>
   <div class='ocr_carea' id='block_1_6' title="bbox 0 0 1589 5028">
    <p class='ocr_par' dir='ltr' id='par_1_10' title="bbox 0 0 1589 5028">
     <span class='ocr_line' id='line_1_33' title="bbox 0 0 1589 5028; baseline 0 0"><span class='ocrx_word' id='word_1_189' title='bbox 0 0 1589 5028; x_wconf 95' lang='lat' dir='ltr'> </span> 
     </span>
    </p>
   </div>
  </div>
 </body>
</html>
