3110 5026
238 637 449 728 r.n.l‘350.]
493 659 537 708 nn
557 657 684 708 aaran
704 657 751 707 nn
771 655 1012 708 swmaaoua.
1118 631 1191 706 207

238 787 433 862 utilitatem
465 785 653 858 reverendi
687 793 805 860 coetus
840 782 1077 858 cardinalium
1111 783 1192 880 pin-

239 904 324 999 guia
348 902 522 980 beneficia
547 902 586 974 in
610 925 721 997 regno
747 901 890 996 Angliae
917 898 1092 997 predicto
1119 899 1193 972 sint

239 1028 431 1104 reservata,
467 1027 503 1090 et
538 1017 576 1092 in
610 1017 748 1112 duplici
781 1017 1015 1090 universitate
1052 1014 1192 1111 'praefati

239 1135 296 1206 sui
322 1134 425 1229 regni
452 1132 498 1206 ad
525 1131 720 1226 cujuslibet
747 1131 905 1204 scientiae
929 1131 1087 1204 liberalis
1115 1132 1194 1204 sine

239 1249 498 1344 superstitione
528 1245 681 1340 gradum
709 1246 952 1340 magistralem
983 1247 1056 1318 sint
1084 1247 1192 1319 multi

238 1365 455 1440 excellentes
490 1361 612 1436 cleriei
645 1362 841 1449 sublimati,
876 1371 913 1434 et
955 1386 1030 1465 non
1071 1362 1193 1435 minus

162 1545 172 1550 -
239 1504 386 1554 morum
418 1479 608 1552 honestate
641 1478 869 1551 laudabiliter
899 1478 1069 1552 decorati,
1122 1479 1192 1551 Re-

239 1597 386 1694 scripsit
407 1596 602 1692 praedictus
625 1619 790 1668 summus
813 1595 988 1691 pontifex,
1009 1595 1105 1691 quod
1129 1596 1192 1668 do-

239 1712 362 1787 minus
385 1737 449 1786 rex
473 1713 620 1808 eligeret
645 1713 738 1785 duos
760 1713 911 1786 clericos
937 1713 994 1785 sui
1020 1712 1121 1808 regni
1147 1713 1194 1785 ad

238 1839 383 1903 tanturn
417 1830 594 1904 honorem
623 1831 792 1927 aptiores,
824 1839 861 1903 et
894 1830 991 1903 circa
1025 1831 1106 1902 illos
1141 1829 1193 1903 sic

239 1949 374 2022 electos
399 1949 556 2020 clemens
583 1957 687 2043 pater
709 1948 888 2020 voluntati
911 1947 1017 2043 regiae
1040 1970 1192 2020 consen-

238 2088 322 2137 sum
338 2065 492 2139 libenter
509 2065 706 2152 exhiberet,
726 2065 757 2137 si
779 2073 900 2138 tamen
918 2063 1024 2137 electi
1040 2063 1193 2138 fuissent

239 2181 289 2264 ad¹
301 2180 477 2254 honorem
498 2180 569 2255 Dei
590 2191 626 2254 et
648 2181 808 2254 ecclesiae
825 2181 1040 2253 universalis
1054 2180 1193 2275 judicio

240 2297 478 2370 cardinalium
500 2297 601 2391 digni
622 2297 849 2390 comprobati
873 2297 920 2366 ad
942 2297 1093 2391 petitam
1115 2297 1195 2391 dig-

240 2414 405 2486 nitatem.
458 2411 603 2486 Electos
625 2420 818 2507 propterea
839 2411 1056 2505 magistrum
1081 2410 1193 2484 Joan-
1295 2497 1298 2501 .

221 2517 326 2600 ‘nem
365 2527 555 2599 Bateniam
593 2527 805 2623 episcopum
837 2525 1122 2612 Norwieensem‚
1158 2534 1194 2601 et

240 2644 438 2718 Radulfum
469 2645 514 2716 de
542 2641 742 2716 Stratiorde
772 2643 983 2740 episcopum
1010 2643 1194 2716 Londoni-

240 2785 376 2848 ensem,
412 2784 476 2833 rex
510 2760 619 2832 curiae
648 2759 828 2834 Romanae
856 2784 921 2855 per
954 2783 1038 2832 suas
1071 2760 1194 2832 literas

241 2877 488 2974 praesentavit,
515 2876 578 2972 qui
602 2875 713 2948 finem
738 2876 874 2972 negotii
900 2876 964 2949 diu
990 2876 1052 2948 sed
1078 2877 1194 2949 incas-

242 3017 326 3067 sum
349 2994 448 3089 apud
471 2993 609 3068 curiam
625 2993 814 3088 praefatam
831 3002 1080 3090 expectamnt.
1122 2993 1194 3064 <In-

240 3111 349 3184 terim
375 3109 554 3206 siquidem
578 3108 739 3182 Joannes
766 3110 810 3182 de
827 3109 974 3184 Valesio
1000 3119 1195 3185 coronatus

241 3225 466 3300 Francorum
495 3224 679 3321 profectus
714 3225 761 3297 ad
793 3225 1023 3321 praesentiam
1057 3224 1195 3299 domini

240 3365 356 3438 papae,
373 3341 605 3437 praesentavit
627 3342 764 3416 multos
781 3364 867 3414 suos
885 3342 1034 3415 clericos
1052 3340 1097 3414 de
1115 3367 1194 3437 gra·

240 3457 293 3528 tia
322 3456 417 3528 sedis
447 3457 655 3553 apostolicae
681 3458 960 3555 promovendos,
989 3458 1194 3554 exquibus
1249 3469 1250 3474 ’

239 3594 336 3668 papa
365 3572 501 3645 creavit
532 3576 571 3644 ll
604 3574 815 3661 cardinales,
843 3575 984 3648 duobus
1015 3575 1194 3672 episcopis

239 3684 512 3783 praenominatis
537 3687 726 3785 utriusque
745 3691 839 3786 juris
863 3691 1014 3786 egregiis
1037 3690 1197 3764 doctori-'

238 3804 319 3892 bus,
339 3805 386 3877 ad
403 3806 556 3877 tutelam
573 3804 698 3879 ovium
721 3810 771 3880 eis
791 3809 1065 3882 commissarum
1082 3790 1193 3882 lieen-

240 3918 351 3996 tratis.
403 3919 579 3994 Duellum
601 3923 762 3996 bastardi
784 3949 870 3998 cum
893 3923 1029 4022 Cyprio
1053 3923 1194 4020 praefati

241 4023 359 4110 infieri
386 4061 424 4110 se
452 4038 682 4128 habentibus
710 4041 783 4114 duo
810 4040 943 4114 milites
970 4039 1195 4136 stipendiarii

241 4151 379 4225 domini
406 4155 501 4251 regis
526 4157 707 4231 Armeniae
732 4168 911 4232 venerunt
937 4158 982 4230 ad
1008 4141 1192 4252 Angliam,

240 4276 277 4342 et
307 4270 401 4365 regis
427 4275 668 4367 praesentiam,
696 4276 928 4352 ostendentes
953 4275 1076 4348 literas
1101 4299 1192 4370 prae-
