3110 5026
397 636 474 707 258
650 652 877 705 onnouroon
895 653 1082 704 arturum,
1137 631 1354 744 [rareto.

397 782 686 884 distinguebatur
710 807 735 854 a
757 782 908 878 planitie
933 804 1045 878 quam
1071 761 1266 879 occupavit
1292 809 1355 858 ex-

396 901 531 973 ercitus
564 899 772 986 Francicus,
808 922 894 995 sepe
933 899 1043 995 longa
1082 899 1355 988 strbteriossata‚

397 1017 501 1112 cujus
527 1017 682 1090 altemm
707 1025 912 1090 extremum
938 1014 1133 1088 declinavit
1159 1017 1199 1089 in
1224 1019 1354 1094 meris-

396 1155 480 1205 cum
502 1133 705 1229 praefatum.
758 1132 950 1206 Declivum
967 1132 1122 1206 marisco
1139 1131 1354 1209 incumben-

396 1257 472 1322 tem
497 1249 616 1323 tenuit
640 1271 763 1324 comes
778 1247 1045 1336 Warwicensis,
1065 1247 1141 1322 dux
1166 1258 1204 1322 et
1229 1251 1353 1324 mode-

396 1374 494 1438 rator
520 1366 675 1462 agminis
702 1365 823 1462 primi,
853 1363 893 1437 in
922 1364 1099 1460 superiori
1125 1373 1231 1462 parte
1257 1367 1353 1463 sepis

396 1506 417 1554 a
448 1471 587 1556 declivo
620 1483 713 1556 bene
742 1489 882 1554 remota
911 1481 984 1554 fuit·
1010 1481 1156 1555 temesis
1186 1483 1353 1578 quaedam

396 1599 525 1693 patula
554 1600 616 1671 vel
649 1597 782 1684 hiatus
812 1621 921 1693 quem
954 1597 1083 1694 bigarii
1115 1597 1281 1670 fecerunt
1314 1597 1353 1670 in
1425 1661 1428 1666 ,
1541 1645 1542 1652 1

397 1722 587 1802 autumna
620 1737 642 1786 a
670 1738 744 1810 quo
773 1722 914 1786 remota
943 1713 1045 1808 jactu
1078 1713 1221 1808 lapidis,
1252 1713 1355 1786 stetit

396 1838 521 1902 nostra
546 1829 653 1902 tertia
677 1839 810 1914 turma,
835 1829 895 1902 cui
920 1851 1043 1901 comes
1068 1826 1355 1902 Saresburiensis

395 1945 620 2041 praesidebat.
673 1945 810 2018 Hostes
839 1945 1004 2018 videntes
1034 1943 1215 2041 principis
1236 1942 1353 2016 vexil-

395 2061 474 2132 lum
500 2061 618 2156 nuper
644 2059 889 2148 manifestum,
917 2061 982 2133 sed
1008 2059 1185 2156 incipiens
1209 2083 1354 2134 succes.-
1493 2051 1497 2061 ’

396 2174 474 2248 sive
498 2175 673 2249 dimoveri
698 2175 915 2272 objectuque
937 2175 1072 2249 montis
1095 2175 1242 2248 illorum
1265 2200 1353 2249 ocu-

394 2290 441 2364 lis
466 2293 654 2382 oceultari,
681 2291 908 2366 aestimarunt
934 2287 1113 2388 principis
1135 2289 1271 2388 fugam,
1298 2315 1354 2365 re-

395 2409 637 2483 clamantibus
663 2409 833 2506 Dowglas
862 2407 975 2482 Scoto
1002 2418 1039 2482 et
1067 2409 1279 2482 marescallo
1306 2409 1353 2481 dc

396 2521 641 2612 claromonte,
676 2549 751 2598 non
784 2525 836 2599 ita
869 2524 958 2610 fore,
989 2524 1053 2597 sed
1082 2523 1255 2621 opinione
1287 2547 1355 2598 sua

396 2640 571 2739 deceptus
595 2642 828 2715 marescallus
855 2640 1089 2728 Dawdenam,
1116 2649 1160 2714 ut
1184 2641 1351 2736 inseque-

395 2765 496 2830 retur
520 2757 695 2854 principis
720 2757 845 2854 fugam
870 2757 1087 2854 putativam,
1113 2765 1152 2829 et
1176 2779 1262 2831 oum
1288 2757 1353 2828 illo

393 2869 569 2969 Douglas,
586 2883 629 2946 ut
650 2881 877 2970 promeretur
894 2894 1000 2944 novae
1015 2871 1156 2944 militiae
1171 2871 1351 2967 fulgidum

393 3011 540 3076 nomen,
584 2990 649 3064 sed
690 2987 1011 3076 Claromontanus,
1044 2996 1089 3060 ut
1132 2994 1351 3084 expurgaret

393 3105 680 3202 blasphematum
701 3105 926 3191 fidelitatem,
947 3104 1184 3178 vehementer
1203 3125 1351 3200 pregre·

395 3223 558 3311 diuntur,
584 3224 657 3296 illis
680 3223 779 3294 enim
805 3230 882 3294 erat
906 3219 1025 3316 prima
1047 3219 1214 3292 custodia
1239 3221 1353 3316 depu-

394 3345 483 3408 tata.
534 3337 629 3410 Istos
651 3342 926 3432 praecesserunt,
946 3343 988 3407 ut
1011 3334 1124 3406 moris
1147 3341 1214 3422 eat,
1238 3333 1352 3408 hastis

394 3453 579 3540 ludiaturi,
598 3451 730 3550 quibus
752 3451 796 3524 de
818 3450 937 3546 prima
957 3451 1125 3525 custodia
1140 3457 1265 3525 nostra
1282 3451 1353 3523 sub

396 3568 537 3641 declivo
579 3569 641 3642 cui
681 3568 892 3656 residerent,
932 3568 1171 3648 obviaverunt
1213 3567 1354 3664 equites

367 3729 374 3736 e
396 3685 511 3758 nostri
532 3686 578 3758 ad
601 3685 798 3760 hastiludia
815 3683 1019 3781 specialiter
1035 3685 1203 3759 ordinatii
1255 3683 1353 3757 Has.-

396 3800 608 3876 tiludiorum
631 3804 740 3877 finem
762 3804 921 3890 visurus
946 3802 1136 3898 suspendit
1158 3823 1267 3873 auum
1290 3823 1354 3896 ag·

396 3941 561 4014 gressum
578 3922 809 3994 marescallus
822 3918 1083 4004 Dawdenham‚
1100 3916 1247 3988 interim
1262 3940 1354 3990 vero

397 4034 700 4111 claromontanus
726 4058 874 4133 sperans
899 4033 1077 4130 progredi«
1093 4056 1162 4130 per
1184 4031 1352 4116 tamesim

396 4154 510 4250 sepis‚‘
533 4163 570 4227 et
602 4155 758 4252 primam
790 4159 953 4224 nostram
983 4149 1172 4224 cohortem
1199 4173 1222 4223 a
1247 4157 1354 4245 tergo

395 4270 669 4360 circumvenire,
696 4268 845 4344 obvium
874 4266 1003 4346 habuit
1030 4267 1201 4343 comitem
1230 4264 1352 4340 Seres·
