3118 5008
394 631 462 704 172
642 652 866 702 cunonucon
886 652 1069 701 onuvnmr
1127 632 1340 722 [rutam.
1379 673 1384 681 «

390 779 519 852 Oritur
535 781 656 852 luctus
674 779 921 875 Anglicorum,
934 777 1186 879 marchionum
1208 805 1230 852 a
1251 781 1343 853 facie

388 896 568 969 exercitus
585 895 815 990 fugientium,
833 895 930 967 unde
948 895 1117 968 dominus
1135 895 1343 970 Willelmus

388 1012 491 1083 dela
514 1011 663 1084 Zouche
689 1011 982 1107 archiepiscopus
1005 1009 1256 1098 Eboracensis,
1281 1013 1344 1108 qui

284 1217 286 1224 y
387 1129 510 1201 locum
539 1128 677 1223 regium
707 1128 748 1199 in
776 1128 837 1200 illa
867 1127 1028 1200 marchia
1054 1135 1143 1200 tunc
1177 1128 1343 1220 habebat,

387 1244 595 1317 convocatis
620 1266 704 1316 cum
726 1267 853 1316 eorum
876 1243 991 1340 copiis
1012 1243 1184 1340 episcopo
1203 1243 1342 1317 Carlio·

387 1361 491 1448 lensi,
519 1361 653 1434 comite
678 1359 875 1456 d'Anegos‚
903 1361 1051 1432 domino
1078 1361 1122 1432 de
1147 1359 1342 1458 Moubray‚

387 1479 536 1552 domino
563 1479 607 1550 de
636 1479 761 1574 Percy,
780 1477 929 1550 domino
956 1477 1001 1549 de
1026 1477 1183 1564 Neville,
1203 1487 1240 1550 et
1265 1478 1344 1552 aliis

388 1595 570 1668 nobilibus
593 1595 810 1681 borealibus,
829 1619 915 1667 cum
938 1591 1133 1689 sagittariis
1160 1593 1205 1666 de
1228 1595 1344 1667 comi-

388 1719 469 1786 tatu
497 1710 727 1797 Lancastriae,
752 1711 791 1782 in
813 1709 938 1805 vigilia
964 1710 1081 1783 sancti
1104 1708 1213 1782 Lucae
1236 1734 1345 1783 evan-

388 1829 524 1923 gelistae
547 1828 594 1899 ad
616 1827 738 1900 locum
761 1828 825 1923 qui
847 1835 1000 1900 vocatur
1021 1826 1261 1916 Nevillecros,
1282 1851 1347 1900 ex-

265 1961 268 1968 ·
389 1943 517 2015 ercitui
535 1941 730 2015 Scotorum
748 1944 971 2016 occurrebat.
1017 1942 1166 2016 Restitit
1183 1943 1346 2016 animose

388 2058 488 2130 natio
518 2057 662 2130 Scotica
690 2060 811 2132 nescia
840 2059 947 2155 sugae,
974 2069 1011 2130 et
1041 2045 1220 2154 capitibus
1250 2059 1346 2132 ferro

389 2174 494 2247 tectis
511 2174 706 2262 inclinatis,
726 2177 821 2249 acies
838 2176 950 2248 densa
967 2173 1140 2271 Anglicos
1157 2175 1344 2264 invadens

389 2291 588 2364 cassidibus
606 2291 730 2390 politis
753 2301 790 2366 et
813 2292 1033 2366 umbonibus
1050 2316 1203 2364 numero
1219 2293 1343 2365 firma-

389 2408 448 2496 tis,
485 2409 634 2505 sagittas
668 2410 907 2505 Anglicorum
948 2410 985 2480 in
1024 2409 1224 2506 primordio
1258 2411 1346 2483 belli

389 2525 588 2614 frustravit,
609 2527 671 2601 sed
695 2536 918 2612 armatorum
940 2526 1035 2598 acies
1059 2525 1177 2622 prima
1198 2527 1345 2600 ictubus

389 2643 556 2717 letalibus
577 2643 700 2716 hostes
727 2643 907 2716 salutavit.
962 2642 1070 2715 Stant
1094 2665 1277 2740 pugnaces
1300 2669 1346 2716 ex

389 2769 543 2857 utraque
577 2769 680 2856 parte
709 2760 819 2833 morti
850 2784 959 2856 quam
993 2759 1090 2854 fugae
1123 2760 1345 2857 paratiores;

389 2867 540 2950 vidisses
560 2875 688 2951 Scotos
711 2900 786 2971 prae
807 2877 929 2949 labore
946 2875 1060 2948 fessos
1078 2876 1223 2949 ictubus
1241 2901 1345 2950 secu-

389 2992 485 3066 rium
522 2993 765 3088 capitatorum
799 2992 895 3065 sicut
929 2992 1116 3078 attonitos
1152 3001 1188 3064 et
1222 3000 1367 3094 tamen

390 3121 537 3200 stantes,
557 3114 654 3208 quod
677 3113 740 3185 ubi
763 3112 886 3185 forsan
909 3121 1090 3185 steterunt
1111 3112 1248 3199 decern,
1268 3114 1343 3186 sin-

389 3230 464 3323 guli
494 3229 645 3324 singulis
673 3228 869 3324 appodiati,
901 3228 947 3300 ad
977 3253 1093 3300 unum
1122 3228 1240 3302 ictum
1266 3253 1343 3303 uno

389 3353 516 3418 ruente
542 3367 666 3417 omnes
692 3345 772 3416 illos
799 3344 924 3417 decem
942 3369 1134 3433 corruere3
1166 3346 1261 3420 sicut
1288 3371 1347 3420 re·

389 3463 552 3535 tulerunt
581 3460 620 3533 hi
649 3459 713 3557 qui
739 3459 909 3536 viderunt
937 3485 998 3534 eos
1024 3463 1205 3535 cadentes.
1261 3461 1346 3536 Ma-

389 3579 561 3651 rescallus
582 3576 788 3664 Scotorum,
812 3601 933 3651 comes
960 3578 1150 3661 Patricius,
1175 3580 1235 3651 cui
1261 3603 1346 3674 pos-

389 3696 499 3768 terior
522 3697 688 3771 custodia
709 3697 827 3770 fuerat
850 3697 1037 3793 deputata,
1056 3705 1097 3768 ut
1120 3697 1240 3792 primo
1263 3723 1346 3794 per-

382 3815 485 3911 cepit
498 3815 672 3910 Anglicos
691 3817 868 3902 resistere,
888 3839 1043 3911 suosque
1062 3814 1200 3899 cadere,
1220 3813 1347 3910 fugam

390 3932 471 4007 iniit
505 3959 588 4006 curn
620 3933 834 4030 quibusdam
865 3931 1020 4005 consciis
1049 3953 1123 4002 suae
1153 3931 1344 4019 vecordiae,

390 4077 499 4146 quarn
522 4051 690 4123 dominus
713 4052 758 4124 de
780 4052 894 4147 Percy
917 4048 1044 4119 eodem
1068 4045 1125 4118 die
1149 4049 1346 4145 propheta-

389 4167 453 4253 vit,
486 4168 608 4239 dieens
639 4173 661 4202 “
674 4165 854 4242 Veoordia
882 4165 979 4237 illius
1008 4163 1217 4260 proditoria,
1249 4190 1345 4239 nun-

390 4309 499 4378 quam
516 4283 594 4356 ausi
611 4285 715 4358 nobis
740 4288 777 4361 in
803 4306 930 4378 campo
949 4282 1058 4354 etiam
1076 4282 1234 4371 obviare,
1258 4285 1344 4380 plus
