3136 5016
100 405 146 747 l

226 639 304 688 ΑΕ.
316 617 438 708 1326]
424 613 536 708 ]ΕΕ
547 640 673 690 onnus
693 641 740 688 nn
760 640 1000 689 swnvnnorm
1129 619 1173 692 81

221 765 330 853 nitas,
346 777 382 840 et
398 768 514 840 veniae
530 767 712 841 facilitas
702 794 740 840 m
758 792 824 842 sua
840 769 977 864 flagitia
1002 794 1177 865 provoca-

222 893 316 956 rent.
368 883 429 956 Sic
452 884 566 958 crevit
590 885 711 958 subito
724 885 905 1015 rapacitas
923 887 1116 982 impunita,
1135 895 1179 958 ut

138 1093 140 1097 v
222 1001 445 1096 ubicumque
467 1001 685 1096 reperiretur
708 1002 828 1097 regius
852 1002 1002 1087 amicus
1021 1012 1087 1074 aut
1104 1003 1179 1075 suis
1292 1083 1298 1094 ,

95 1112 101 1176 ἱ
167 1156 169 1162 ·
223 1118 439 1214 spoliaretur
464 1127 528 1189 aut
549 1117 626 1190 vita
649 1117 863 1213 privaretur.
917 1117 990 1190 Sed
1015 1118 1176 1216 impune.

225 1231 433 1306 Sufficiebat
460 1232 557 1303 enim
586 1231 773 1334 injurianti
790 1234 999 1329 'exprobare
1025 1237 1179 1330 patienti

224 1348 319 1443 regis
338 1347 554 1419 amicitiam.
606 1345 748 1420 Profuit
776 1349 843 1420 sub
871 1347 940 1420 ista
968 1349 1180 1422 confusione

224 1463 374 1536 cuilibet
391 1461 594 1534 facinoroso
616 1463 691 1535 suis
712 1462 858 1558 flagitiis
881 1463 1035 1559 adjicere
1060 1465 1181 1561 prodi-

122 1563 152 1593 *
224 1580 384 1664 tionem:
413 1579 538 1652 multis
569 1579 607 1650 in
634 1579 705 1652 isto
735 1579 844 1651 modo
875 1573 989 1652 crevit
1015 1580 1181 1666 facultas,

225 1696 442 1769 reddebatur
464 1694 622 1779 libertae,
645 1703 681 1766 et
705 1694 736 1767 si
759 1718 851 1790 quos
874 1695 1056 1791 praeterita
1075 1697 1182 1791 justi-

226 1797 277 1884 tia
297 1812 426 1908 regalis
447 1811 591 1908 punivit
615 1811 879 1906 proditiosos,
869 1835 968 1907 1psos
990 1812 1036 1885 ad
1060 1813 1182 1909 pristi-

227 1952 291 2000 nas
310 1928 453 2001 divitias
472 1936 509 1999 et
525 1927 681 1999 honores
699 1926 860 2001 restituit
879 1928 1039 2024 potentis
1060 1930 1181 2000 muni-

226 2045 371 2118 ficentia
387 2045 529 2141 reginae

279 2159 507 2234 Gloncestria
524 2161 659 2248 relicta,
677 2160 724 2232 ad
740 2160 864 2233 villam
882 2159 1057 2249 Bristolli,
1072 2187 1181 2258 quam

228 2285 270 2348 ut
295 2285 510 2374 praetactum
537 2285 592 2348 est
620 2277 813 2371 occupavit
838 2275 950 2370 Hugo
976 2276 1184 2372 Despenser

228 2402 341 2490 pater,
369 2394 493 2490 regina
517 2415 602 2465 cum
628 2391 789 2463 exercitu
813 2393 1033 2487 properavit,
1062 2394 1181 2465 obses-

229 2533 314 2582 sura
334 2518 409 2582 tam
431 2509 555 2580 villam
576 2531 684 2601 quam
705 2516 878 2590 castrum,
898 2506 929 2578 si
952 2507 1183 2602 oportuisset.

156 2699 158 2710 1
211 2625 305 2698 aSed
323 2626 405 2698 loca.
426 2623 669 2695 munitissima
686 2624 792 2695 solita
808 2645 965 2694 reserare
983 2623 1185 2718 desperatio

230 2741 409 2838 compulit
435 2762 650 2836 generosum
676 2739 790 2810 istum
816 2737 988 2832 comitem
1017 2738 1054 2809 in
1085 2739 1185 2811 iratae

203 2858 389 2932 .soeminae
412 2854 696 2929 misericordiam
720 2878 758 2927 se
782 2863 819 2926 et
842 2877 907 2926 sua
931 2862 1063 2926 cuncta
1086 2878 1185 2926 com-

230 2974 412 3048 mendare.
465 2970 723 3044 Reddebantur
749 2969 861 3065 igitur
885 2969 972 3040 villa
996 2994 1082 3042 cum
1108 2994 1185 3043 cas-

230 3101 300 3178 tro,
320 3115 392 3187 quo
418 3089 591 3185 ingressa,
613 3087 737 3182 virago
760 3085 870 3180 jussit
896 3086 1067 3158 comitem
1094 3111 1186 3183 prae-

232 3207 371 3280 dictum
397 3207 474 3279 sine
500 3203 698 3301 quaestione
724 3225 789 3274 seu
815 3200 1062 3296 responsione,
1087 3201 1188 3275 finali

233 3323 411 3420 supplicio
429 3320 645 3417 detorqueri.
686 3317 868 3413 Alligatur
886 3317 1078 3390 confestim
1096 3327 1185 3391 stre-

234 3463 329 3511 nuus
358 3439 426 3511 iste
457 3436 572 3523 miles,
599 3434 756 3509 brachiis
784 3442 820 3505 et
848 3432 945 3506 tibiis
972 3433 1010 3504 in
1036 3435 1187 3528 longum
1212 3513 1216 3522 ,

233 3555 426 3652 protensio,
449 3535 485 3626 et
508 3553 545 3624 in
569 3551 682 3648 ipsius
705 3549 862 3622 viventis
885 3558 1095 3645 conspectu,
1114 3551 1188 3624 vis-

233 3696 316 3745 cera
349 3664 496 3766 propria
525 3668 569 3740 de
598 3676 724 3739 ventre
753 3665 869 3737 inciso
899 3665 1107 3738 crudeliter
1127 3691 1189 3738 ex·

234 3797 384 3873 tracta,¹
406 3785 549 3882 ignibus
583 3783 787 3865 traduntur,
824 3781 1009 3853 residuum
1045 3808 1189 3879 quoque

235 3905 397 4004 corporis
428 3901 530 3997 equis
557 3901 772 3985 detractum,
804 3897 842 3969 in
873 3899 1058 3971 communi
1087 3899 1191 3972 furca

235 4023 418 4095 latronum
433 4018 550 4090 fuerat
569 4037 799 4112 suspensum.
845 4011 914 4084 His
932 4013 983 4084 ita
1000 4011 1188 4098 conlectis,

235 4138 282 4211 ad
302 4146 423 4234 partes
444 4133 619 4206 Marchiae
643 4131 766 4225 regina
788 4151 974 4212 conversa,
994 4125 1091 4220 apud
1114 4125 1191 4198 He-

235 4252 427 4328 refordiam
453 4276 517 4346 per
542 4271 705 4322 mensem
733 4251 962 4327 commorata,
991 4242 1191 4315 exercitum

701 4386 720 4432 F
881 4394 902 4430 o
