3136 5016
217 664 414 756 un.11.l2.]
443 687 489 736 nu
508 687 636 735 annun
655 685 702 734 nu
722 685 962 736 swrusnorru.
1119 663 1166 738 59

214 812 386 886 frumenti
420 815 470 884 40
504 812 704 886 solidorum
745 813 1000 909 sterlingorum
1040 835 1166 907 appre-

215 929 320 1001 ciato.

263 1044 373 1118 Anno
408 1045 514 1131 1316,
546 1044 684 1117 domini
709 1069 813 1141 papas
838 1043 992 1117 Joannis
1017 1043 1167 1117 XXIIdi

214 1184 309 1233 anno
327 1162 458 1257 primo,
478 1161 625 1233 admissi
643 1161 716 1233 duo
733 1163 932 1234 cardinales
949 1161 988 1233 in
998 1162 1167 1257 Angliam

214 1286 252 1350 ct
279 1277 441 1350 Scotiam
465 1301 531 1372 pro
559 1301 648 1372 pace
674 1277 902 1351 reformanda
926 1279 1166 1372 interregna,

214 1392 339 1465 habito
368 1416 456 1464 cum
485 1417 568 1488 rege
593 1391 736 1487 Angliae
766 1401 936 1478 tractatu,
965 1394 1168 1465 itinerando

214 1532 341 1582 versus
369 1508 499 1581 Scotos
524 1508 563 1580 in
589 1508 801 1605 episcopatu
827 1507 1066 1582 Dunelmensi
1092 1509 1168 1580 fue-

215 1637 303 1698 runt
338 1623 533 1720 depraedati
567 1648 633 1720 per
664 1623 871 1697 Gilbertum
901 1625 946 1696 de
975 1623 1169 1698 Midiltone

215 1741 382 1828 militem,
402 1741 465 1838 qui
487 1749 615 1836 postea
636 1740 754 1812 fuerat
778 1740 932 1836 proinde
958 1763 1167 1837 suspensus,

215 1865 253 1930 ct
268 1857 308 1928 in
325 1866 470 1953 quartas
488 1857 648 1945 divisus;
671 1857 820 1930 nuntios
839 1857 1013 1954 speciales
1030 1857 1167 1930 Rober-

217 1982 277 2045 tus
303 1974 337 2046 le
367 1974 512 2070 Bruyus
541 1973 702 2046 Scotiam
728 1973 847 2046 noluit
873 1974 1083 2069 permittere
1113 1974 1168 2045 in-

216 2097 323 2175 trare,
347 2113 414 2185 pro
432 2113 504 2184 quo
521 2089 631 2162 iidem
653 2089 853 2162 cardinales
874 2089 1014 2163 dictum
1031 2090 1168 2162 Rober-

132 2202 134 2208 ’
217 2213 298 2277 tum
313 2214 351 2278 et
366 2205 436 2278 sibi
452 2206 675 2279 adhaerentes
693 2207 1067 2295 excommnnicarunt,
1090 2229 1168 2302 reg-

217 2341 377 2416 numque
399 2319 530 2394 Scotiae
554 2331 825 2418 supposuerunt
847 2323 1090 2396 ecclesiastico
1113 2323 1168 2395 in-

217 2436 386 2524 terdicto,
413 2461 478 2534 per
503 2437 675 2532 Angliam
701 2439 850 2510 tandem
876 2461 1003 2510 versus
1031 2439 1170 2511 curiam

217 2551 365 2637 reversi,
406 2574 473 2646 pro
515 2552 645 2624 ablatis
678 2576 700 2624 a
732 2552 976 2648 praedonibus,
1012 2553 1171 2649 duplicia

217 2675 435 2762 receperunt
459 2689 481 2738 a
505 2689 589 2762 rege
613 2675 651 2739 et
676 2668 779 2762 regni
804 2668 1015 2764 proceribus
1040 2678 1171 2764 sponte

218 2785 362 2856 collata.
875 2776 877 2780 ’

269 2901 379 2973 Anno
400 2899 494 2977 1317
513 2900 693 2974 Robertus
719 2903 753 2973 le
779 2901 925 2998 Bruyus
951 2911 1111 2975 castrum
1136 2913 1172 2976 et

218 3019 344 3091 villam
370 3019 414 3090 de
439 3017 622 3091 Berewico
647 3019 800 3091 viriliter
824 3019 1029 3114 adquisivit,
1057 3021 1171 3092 nemi-

219 3157 305 3206 nem
338 3133 536 3207 occidendo
566 3134 628 3228 qui
659 3134 776 3207 voluit
809 3134 965 3207 obedire.
1030 3135 1171 3208 Eodem

220 3249 329 3322 etiam
346 3273 454 3336 anno,
473 3273 597 3322 mense
616 3249 783 3345 Augusti,
801 3273 865 3324 rex
883 3259 920 3322 et
937 3273 1058 3324 comes
1076 3251 1170 3325 Lau-

181 3425 185 3432 .
221 3368 360 3442 castriae
376 3367 547 3455 Thomas,
565 3391 679 3464 prope
701 3368 933 3442 leicestriam
956 3371 995 3442 in
1016 3371 1171 3466 quadam

220 3483 371 3579 planitie
395 3493 481 3558 sunt
503 3483 713 3557 concordati
735 3494 772 3558 et
794 3487 951 3559 invicem
971 3510 1055 3559 cum
1076 3489 1171 3559 mul-

222 3601 270 3672 tis
296 3601 520 3696 amplexibus
546 3601 710 3689 osculati,
730 3602 792 3698 qui
818 3627 840 3676 a
864 3613 982 3676 morte
1003 3603 1102 3676 Petri
1127 3606 1173 3678 de

224 3715 432 3790 Gavestone
443 3716 588 3791 fuerant
605 3719 644 3791 in
660 3743 834 3814 magnum
851 3720 953 3814 regni
969 3721 1173 3817 periculum

223 3843 260 3906 et
277 3836 494 3931 applausum
512 3833 706 3908 Scotorum
723 3837 791 3908 sibi
809 3835 956 3910 inimici.

272 3950 382 4024 Anno
414 3951 507 4024 1318
537 3952 633 4025 circa
661 3961 891 4041 autumnum,
923 3979 1006 4051 rege
1036 3964 1173 4028 transe-

224 4067 385 4163 quitante
403 4093 574 4165 magnam
594 4070 724 4143 infeste
745 4081 887 4167 partem
905 4070 1048 4158 Scotiae,
1068 4082 1105 4144 et
1128 4073 1174 4142 ad

223 4185 449 4258 obsidionem
466 4185 617 4259 Berwici
639 4210 678 4259 se
701 4187 926 4284 disponente,
946 4186 1046 4259 Scoti
1062 4187 1174 4257 intra-

224 4309 310 4374 runt
335 4302 517 4398 Angliam,
541 4327 656 4399 usque
682 4304 727 4376 ad
752 4303 957 4376 Eboracum
983 4301 1113 4397 praedis
1139 4310 1175 4374 ct
