3142 5028
364 641 411 712 68
629 662 855 711 crrnourcou
875 662 1058 713 ornamur
1117 640 1317 730 [n.u.l323

364 791 531 887 homagio
565 814 640 862 non
673 793 784 876 sacto,
817 792 1031 864 comitatum
1067 790 1244 865 Pontiniae
1282 801 1319 864 et

364 919 478 984 totam
495 908 682 1004 Angevam
704 909 744 980 in
765 910 855 980 utile
876 908 1077 981 dominium
1095 909 1189 1003 regis
1207 933 1318 1005 nepo-

364 1027 411 1098 tis
430 1025 487 1098 sui
504 1025 652 1098 seisivit.
700 1025 863 1097 Tandem
880 1025 1114 1121 progrediens
1132 1026 1180 1097 ad
1194 1024 1318 1097 villam

365 1142 410 1215 de
427 1143 578 1238 Regula,
600 1143 740 1215 invenit
760 1167 839 1215 eam
862 1142 1045 1214 defensam
1069 1167 1135 1239 per
1157 1141 1318 1214 Edmun-

365 1261 452 1332 dum
482 1262 528 1333 de
545 1259 771 1333 Wodestoke
801 1283 1013 1355 germanum
1042 1259 1137 1354 regis
1166 1254 1318 1355 Angliae,

364 1384 402 1449 et
427 1377 595 1450 comitem
622 1375 773 1462 Cantiae,
801 1376 896 1448 inter
921 1399 1013 1470 quos
1039 1373 1195 1448 finaliter
1220 1373 1332 1484 initis.

364 1494 512 1589 treugis,
540 1493 723 1567 duraturis
750 1515 814 1588 per
841 1502 997 1589 tempus,
1025 1516 1098 1588 quo
1126 1504 1248 1589 posset
1274 1494 1320 1565 de

364 1635 453 1707 pace
470 1611 565 1684 inter
582 1633 683 1706 reges
701 1610 870 1697 tractari;
897 1611 1038 1683 reddita
1055 1634 1199 1705 quoque
1219 1609 1319 1695 villa,

364 1736 518 1822 utraque
534 1750 617 1823 pars
635 1727 680 1798 ad
698 1728 845 1822 propria
862 1727 1046 1800 remeavit.
1119 1722 1121 1726 ’

416 1831 525 1914 Anno
542 1842 650 1927 1323,
669 1842 834 1937 Rogerus
852 1843 897 1915 de
915 1843 1066 1915 Mortuo
1084 1844 1185 1928 mari,
1205 1866 1319 1938 quon-

365 1961 448 2032 dam
471 1960 509 2031 in
533 1959 624 2031 turri
648 1958 857 2046 Londoniae,
875 1969 918 2033 ut
936 1961 1102 2056 superius
1120 1959 1318 2045 dicebatur,

366 2077 620 2160 incarceratus,
656 2076 791 2148 auxilio
833 2077 1072 2172 proditorum,
1108 2077 1320 2149 custodibus

367 2192 547 2288 corruptis
580 2193 791 2265 muneribus
826 2193 953 2279 evasit,
989 2201 1026 2265 et
1058 2193 1098 2265 in
1132 2192 1320 2266 Franciam

366 2309 540 2404 dilapsus
563 2309 737 2404 praedicto
756 2308 887 2382 Carolo
915 2310 959 2381 de
976 2308 1112 2406 Valoys
1139 2311 1224 2382 exul
1245 2309 1319 2379 An-¹

367 2428 508 2522 glorum
529 2427 692 2522 ipsorum
714 2427 862 2500 inimico
885 2426 1080 2499 inclinatus
1101 2427 1263 2513 adhaesit,
1282 2427 1320 2498 in

367 2567 503 2616 novum
532 2543 724 2616 discidium
751 2554 859 2639 atque
886 2543 1125 2616 miserabilem
1155 2556 1320 2638 guerram

367 2661 574 2734 intestinam
599 2670 802 2734 reservatus
826 2685 892 2756 per
914 2661 1168 2733 seminatorem
1189 2660 1321 2732 zizani-

367 2801 483 2850 orum.
538 2778 708 2850 Proxima
729 2777 1001 2872 quadragesima
1022 2777 1061 2848 in
1082 2776 1320 2872 parliamento
1401 2831 1404 2838 a

241 2985 243 2991 ,
366 2893 613 2967 Londoniensi
650 2894 883 2989 inquisitione
919 2892 1017 2966 sacta
1047 2902 1174 2964 contra
1202 2892 1319 2965 Adam

366 3010 578 3105 episcopum
609 3009 922 3095 Herefordensem,
957 3033 1022 3105 per
1055 3009 1187 3105 legales
1221 3009 1319 3081 viros

367 3127 412 3198 de
438 3127 613 3199 comitatu
635 3125 871 3212 Heresordiae,
898 3150 1007 3223 super
1032 3151 1076 3198 eo
1102 3127 1200 3221 quod
1227 3150 1319 3222 prae-

367 3243 487 3317 dictus
504 3245 622 3317 Adam
643 3245 797 3318 adhaesit
817 3245 1000 3339 quondam
1017 3244 1088 3316 illis
1106 3245 1151 3316 de
1169 3243 1320 3316 Mortuo

306 3373 310 3380 '
366 3363 485 3449 matri,
525 3362 678 3436 inimicis
721 3363 828 3458 regia,
864 3361 1142 3434 accommodans
1184 3361 1320 3434 eisdem

235 3505 238 3510 ⁴
366 3502 478 3573 equos
521 3488 558 3552 et
600 3504 712 3565 arma,
743 3480 949 3575 juvansque
983 3478 1028 3550 ad
1063 3478 1150 3551 dicti
1185 3477 1320 3574 Rogeri

237 3590 239 3593 ’
366 3596 595 3681 evasionem;
630 3597 710 3692 ipso
737 3619 882 3693 quoque
911 3596 1082 3692 episcopo
1113 3594 1158 3667 de
1187 3595 1320 3667 talibus

365 3719 535 3782 accusato
563 3713 709 3787 nolente
736 3713 966 3808 respondere,
992 3710 1113 3783 omnia
1140 3721 1319 3806 tempora-

364 3827 414 3898 lia
447 3827 561 3922 ipsius
596 3829 757 3926 episcopi
791 3839 829 3902 et
861 3828 1069 3925 proditoris,
1102 3828 1320 3901 auctoritate

364 3943 463 4039 regia
496 3945 751 4020 confiscantur.
806 3945 915 4018 Unde
945 3945 1164 4018 inexorabile
1195 3945 1320 4020 odium

364 4070 492 4135 contra
514 4085 636 4158 regem
656 4073 693 4136 et
716 4064 794 4158 ejus
818 4061 953 4134 amicos
977 4060 1186 4156 concipiens
1203 4059 1320 4132 Adam

363 4180 571 4276 praedictus,
589 4180 645 4252 vir
668 4179 814 4274 ingenio
832 4179 988 4250 naturali
1012 4177 1264 4264 calidissimus,
1283 4185 1321 4249 et

362 4295 564 4391 prudentiae
591 4294 784 4367 mundanae
813 4295 992 4367 maximus
1023 4302 1204 4391 expertor,
1234 4293 1320 4366 saci-
