3096 5012
191 653 272 707 nn.
288 633 417 726 '1349‘.]
460 657 507 705 nn
528 657 655 706 sauss
674 657 722 705 nn
742 655 983 706 swrusnorrn.
1079 635 1148 710 193

195 781 352 856 sedecim
376 782 525 856 armatis
554 783 732 856 duntaxat
762 783 993 878 praedonibus
1023 805 1149 856 accur-

193 921 289 987 rens,
301 899 347 972 ab
364 898 575 972 imboscatis
596 899 719 972 subito
734 899 1045 986 circumvallatus,
1057 900 1152 972 mul-

195 1022 318 1102 toset,
329 1024 372 1087 ut
389 1017 592 1089 retulerunt
608 1015 653 1088 de
671 1025 791 1088 castro
810 1017 1051 1111 speculantes,
1071 1037 1150 1087 arn-

193 1130 290 1226 plius
308 1155 418 1227 quam
436 1141 618 1204 trecentos
641 1153 728 1204 cum
750 1131 826 1204 suis
849 1139 1060 1204 constanter
1081 1131 1150 1204 sibi

191 1245 423 1319 adstantibus
441 1246 580 1332 effudit,
598 1247 748 1318 tandem
770 1255 856 1343 post
878 1245 1039 1341 quinque
1062 1271 1151 1340 qua-

194 1363 306 1436 rellos
331 1361 371 1435 in
394 1360 486 1435 facie
509 1362 608 1435 nuda
629 1361 722 1434 fixos
744 1385 767 1434 a
788 1360 939 1448 balistis
963 1363 1091 1434 nolens
1114 1384 1152 1434 se

190 1477 345 1550 reddere
370 1476 446 1549 filio
472 1477 660 1565 sabatoris,
683 1477 746 1549 sed
773 1476 942 1550 omnibus
968 1476 1044 1550 suis
1070 1500 1152 1572 pro·
1231 1509 1241 1534 ι

144 1601 149 1606 ’
192 1592 331 1680 stratis,
366 1617 452 1666 cum
490 1595 616 1667 lancea
659 1617 784 1690 grossa
822 1593 938 1667 oculis
974 1593 1152 1688 privatus,

195 1709 318 1784 hostes
335 1720 399 1783 aut
420 1710 555 1784 occidit
576 1722 641 1785 aut
663 1711 880 1798 vulneravit,
899 1701 964 1784 aut
984 1710 1154 1783 accedere

198 1825 260 1901 diu
284 1850 360 1899 non
384 1827 610 1923 permittens,
629 1827 726 1900 fasce
749 1836 973 1900 armatorum
996 1825 1154 1898 finaliter

196 1943 361 2030 obrutus,
379 1967 402 2016 a
418 1968 569 2040 corpore
587 1944 706 2040 gladio
725 1944 906 2042 confosso,
925 1943 1059 2016 nobilis
1076 1941 1152 2016 ani-

198 2083 258 2131 ma
267 2059 452 2155 indignata
462 2061 626 2144 recessit„
649 2059 745 2133 Cum
756 2059 1007 2134 defensoribus
1018 2067 1055 2132 et
1068 2082 1153 2132 auc-

196 2175 336 2249 toribus
353 2177 576 2272 reipublicae
593 2175 774 2252 numerati
791 2187 895 2250 erant
911 2177 1047 2250 ibidem
1065 2175 1152 2250 Gal-

195 2291 351 2366 licorum
374 2293 531 2388 amplius
553 2293 761 2389 quingentis
784 2302 1007 2365 armatorum
1031 2302 1069 2365 et
1090 2293 1152 2366 ba·

197 2407 420 2484 listariorum
436 2431 610 2480 numerus
628 2408 786 2503 ignotus
836 2407 1038 2503 Sagittariis
1055 2407 1153 2480 Tho-

199 2549 269 2598 mae
281 2525 401 2598 fuerat
416 2524 476 2596 via
491 2524 530 2595 in
545 2523 723 2596 auxilium
740 2523 798 2596 sui
815 2523 954 2602 domini
971 2523 1155 2596 cautelose

198 2641 388 2737 praeclusa,
414 2641 512 2716 unde
540 2639 630 2714 lethi
653 2641 784 2737 januas
811 2641 872 2713 ilie
901 2639 1155 2736 magnanimus

198 2757 319 2832 ‘suerat
343 2758 538 2854 ingressus,
561 2757 626 2853 qui
653 2765 781 2830 contra
802 2754 962 2828 Franms
989 2755 1156 2828 innume

199 2899 262 2950 ros
295 2875 428 2972 praeliis
462 2874 614 2948 diversis
653 2873 904 2969 triumphavit,
940 2882 1049 2970 atque
1090 2897 1155 2946 sua

197 2999 318 3063 morte
328 2990 493 3086 Anglicis
504 2990 673 3064 omnibus
686 3011 824 3086 aegrum
837 2990 1001 3063 dolorem
1015 2998 1052 3061 et
1064 2987 1152 3061 Gal»

200 3108 281 3182 licis
298 3107 471 3204 gaudium
488 3130 664 3202 magnum
681 3107 877 3202 praestavit,
897 3107 961 3179 sed
983 3129 1058 3179 non
1079 3129 1156 3178 om-

198 3223 308 3296 nibus
320 3253 330 3312 3
357 3227 434 3296 erat
458 3221 557 3299 enim
581 3221 749 3295 hostibus
776 3221 821 3294 de
847 3221 945 3295 facto
973 3216 1155 3321 terribilia,

199 3339 266 3412 sed
286 3361 432 3412 morum
452 3338 692 3434 generositate
715 3347 792 3411 tam
815 3348 942 3435 captos
963 3363 1075 3435 quam
1098 3339 1155 3411 su-

195 3463 304 3550 gatos
334 3462 370 3526 et
397 3454 530 3527 liberos
558 3455 599 3528 in
624 3454 683 3527 sui
709 3477 868 3527 amorem
895 3465 933 3528 et
960 3456 1156 3550 compassi-

200 3594 311 3644 onem
331 3571 459 3644 mortis
480 3580 553 3644 tam
578 3568 736 3664 indignae
752 3593 863 3667 quam
881 3570 1053 3644 animosae
1070 3594 1156 3644 con-

199 3682 348 3757 ciliavit.
402 3681 476 3756 Sed
500 3681 598 3754 filius
624 3681 758 3754 sutoris
784 3680 969 3778 triumpho
998 3683 1155 3778 gavisus,

202 3800 299 3872 unde
324 3823 478 3895 magnus
504 3799 673 3894 princeps
698 3798 761 3870 vix
786 3795 917 3894 dignus
939 3797 1078 3886 fuisset,
1103 3799 1157 3870 in-

202 3916 339 3990 vidiam
358 3915 582 3990 Francorum
605 3925 641 3989 et
664 3914 790 3988 odium
812 3916 977 3989 omnium
1000 3915 1158 3988 militum

202 4033 381 4107 bonorum
408 4030 477 4106 sibi
504 4032 715 4106 cumulavit.
768 4030 848 4104 Nec
877 4033 998 4105 minus
1027 4028 1159 4100 Gailici

172 4187 177 4198 ·
202 4173 288 4224 cum
313 4149 446 4222 comite
469 4148 647 4223 Flandriae
670 4158 815 4245 treugas
839 4148 1056 4221 verebantur
1081 4145 1159 4218 vio-

202 4266 288 4354 lare,
307 4290 438 4363 nempe
456 4289 576 4340 comes
594 4264 765 4362 praefatus
783 4289 867 4336 curn
885 4265 977 4336 duce
996 4262 1156 4334 Braban-

669 4404 693 4450 u
