3110 5026
266 621 475 713 inlato]
521 645 566 694 nn
587 645 714 693 nnnnn
734 645 781 693 nn
801 645 1042 695 swtnnnorm.
1145 625 1229 704 249„

264 795 331 846 nec
348 773 494 860 frustra,
516 773 668 868 ingressi
691 774 826 870 quippe
849 775 1052 845 nocuerunt
1074 774 1219 868 agmina

264 891 380 963 multa
415 889 615 977 Quiritum,
652 891 741 963 dum
777 889 918 986 praefati
957 888 1095 964 domini
1131 914 1221 963 cum

263 1006 438 1078 militibus
472 1031 547 1079 non
581 1007 707 1102 paucis
741 1006 788 1078 ad
805 1023 941 1079 ‘arcem
979 1008 1218 1103 principalem

264 1126 516 1198 convolarunt.
568 1123 671 1196 Illico
705 1124 876 1221 princeps
906 1125 1015 1220 jussit
1048 1149 1216 1221 proceres

262 1239 456 1312 convenire
481 1241 703 1326 consultum,
730 1263 777 1310 ne
800 1239 913 1312 satius
938 1240 1135 1314 declinaret
1159 1242 1218 1315 fu-

263 1366 379 1453 gatos,
406 1381 454 1430 an
479 1357 665 1430 obsidione
692 1355 845 1428 vallatos
873 1365 1017 1452 cogeret
1044 1358 1091 1430 ad
1118 1358 1216 1430 dedi-

263 1477 410 1549 tionem.
466 1475 538 1548 Sed
559 1476 650 1571 quia
679 1484 887 1572 compertus
917 1485 972 1548 est
1002 1484 1219 1550 coronatum

263 1592 487 1666 Francorum
507 1617 582 1666 non
603 1593 759 1689 amplius
783 1593 909 1679 decem
931 1593 1043 1667 leucis
1066 1593 1112 1667 ab
1135 1593 1216 1690 ipso

261 1711 344 1783 loco
372 1710 596 1798 distinctum,
625 1711 827 1783 consultius
854 1710 1056 1806 dijudicans
1085 1709 1217 1783 immo-

260 1834 322 1899 tus
344 1836 554 1924 exspectare
580 1827 743 1900 coronati
766 1828 948 1902 feritatem
970 1829 1216 1924 praeliaturam

261 1945 371 2038 quam
397 1968 556 2041 quaerere
583 1944 705 2018 forsan
732 1968 807 2018 non
832 1954 1124 2042 exspectaturum
1150 1969 1215 2041 po-

262 2061 425 2150 tentiam,
456 2085 541 2134 cum
571 2086 643 2157 qua
672 2086 814 2135 summe
844 2062 1054 2160 concupivit
1088 2087 1214 2136 conse-

261 2202 339 2251 rere
386 2199 528 2251 manus'
562 2179 777 2267 bellatrices,
817 2181 999 2253 aestimans
1041 2190 1217 2276 praeterea

261 2295 360 2390 quod
381 2293 521 2366 obsidio
545 2291 717 2387 cangesta
738 2319 936 2389 provocare
959 2295 1105 2367 deberet
1128 2295 1215 2368 Gal-

260 2410 351 2482 licos
385 2410 431 2481 ad
465 2409 543 2504 ejus
573 2407 855 2497 demolitionem,
886 2410 1040 2482 finaliter
1071 2420 1214 2482 senten-

261 2526 367 2599 tiavit
408 2537 452 2600 se·
489 2550 563 2599 non
605 2549 832 2599 recessurum
867 2527 911 2599 de
944 2527 1026 2599 loco
1064 2527 1215 2600 subacto

262 2664 450 2738 quousque
484 2643 648 2716 conclusi
681 2643 801 2716 forent
842 2643 939 2738 capti
982 2666 1046 2714 seu
1089 2642 1213 2730 dediti,

261 2759 333 2832 nisi
366 2759 459 2833 forte
491 2761 588 2832 bello
623 2768 760 2832 certare
793 2768 994 2855 cogeretur.
1058 2758 1218 2832 Proinde

257 2876 365 2971 jussu
386 2877 579 2973 principali
601 2875 786 2949 fabricatis
809 2877 928 2948 denuo
952 2873 1129 2947 machinis
1150 2898 1214 2970 pe·

261 2992 380 3065 trariis
410 3001 447 3066 et
475 2993 719 3066 testudinibus
752 3016 821 3089 pro
850 2993 1042 3066 securitate
1071 2990 1218 3064 fossari-

261 3132 379 3198 orum,
399 3109 505 3185 certis
529 3109 656 3182 officiis
681 3110 757 3181 s'uis
783 3109 915 3182 intenti
941 3118 1082 3181 tectum
1103 3108 1214 3182 turris

260 3235 297 3301 et
322 3226 596 3325 propugnacula
621 3226 806 3324 sphaericis
832 3225 927 3299 saxis
952 3225 1213 3323 protriverunt,

259 3353 296 3416 et
314 3345 352 3416 in
370 3369 546 3441 aggerem,
566 3345 629 3441 qui
650 3343 807 3441 praebuit
829 3344 903 3416 arci
924 3343 1213 3433 fundamentum,

259 3460 391 3532 sudore
420 3460 654 3534 fossariorum
685 3470 936 3547 concavatum,
967 3461 1216 3534 submisemnt

259 3575 393 3670 ignem,
413 3601 485 3669 quo
503 3578 689 3650 merennio
707 3578 897 3651 combusto
915 3578 1012 3674 quod
1032 3602 1100 3673 pro
1123 3585 1214 3649 tem-

258 3716 347 3789 pore
390 3690 522 3764 laboris
565 3693 815 3766 effodientium
857 3695 993 3766 molem
1035 3677 1214 3791 capitibus

259 3834 386 3883 eorum
412 3809 664 3883 imminentem
689 3811 752 3882 vix
778 3811 990 3896 sustinebat,
1015 3809 1107 3882 salso
1132 3809 1215 3881 sun-

258 3927 429 4001 damento
486 3929 600 4000 moles
657 3928 791 4000 obnixa
847 3928 974 4002 fuisset
1029 3928 1209 4022 prolapsa.

258 4043 386 4118 Tantis
425 4045 598 4142 periculis
637 4046 858 4143 impotentes
890 4043 1027 4118 obsessi
1058 4043 1215 4132 salutem

259 4182 362 4231 suam
390 4161 566 4248 contueri,
593 4161 806 4259 suppliciter
833 4162 1045 4234 obtulerunt
1069 4159 1126 4231 sui
1151 4160 1214 4232 de·
1252 4244 1258 4251 ,

259 4275 445 4364 ditionem,
473 4301 544 4371 qua
570 4279 764 4376 plenariter
790 4279 836 4373 ad
860 4280 1088 4352 voluntatem
1113 4277 1213 4373 prin-
