3110 5026
243 667 455 759 talasa]
501 689 545 738 aa
566 689 694 738 ranna
713 689 761 737 on
781 687 1023 738 swrunaorrn.
1121 667 1193 743 239

240 819 356 894 sectus
383 841 449 915 per
478 816 630 912 longum
659 815 729 888 iter
758 824 947 912 petrosum
977 825 1014 889 et
1043 817 1193 914 inaquo-

240 959 334 1022 sum,
365 934 616 1031 hospitabatur
645 933 744 1028 apud
777 930 973 1028 Lamyana,
1002 934 1068 1006 sed
1100 935 1196 1007 male

239 1076 307 1148 pro
332 1051 486 1148 penuria
512 1050 688 1122 domuum
715 1057 753 1120 et
780 1072 969 1143 aquarum.
1036 1048 1194 1124 Sabbata

239 1178 460 1242 revertentes
489 1189 617 1240 versus
648 1164 880 1252 Gasconiam,
915 1165 1140 1262 reliquerunt
1173 1191 1195 1241 a

240 1289 377 1362 dextris
411 1286 590 1384 piscinam
620 1285 665 1358 de
694 1285 850 1373 Esebon,
879 1295 916 1358 et
945 1284 1194 1359 Carkasonam

239 1414 277 1478 et
298 1414 419 1478 totum
443 1405 512 1477 iter
535 1404 744 1500 pristinum,
763 1411 800 1475 et
824 1403 1090 1476 retroeustodia
1110 1402 1194 1474 hos-

239 1522 425 1619 pitabatur
459 1522 556 1617 apud
589 1522 723 1594 bonam
756 1521 881 1594 villam
914 1528 1083 1594 vocatam
1116 1518 1194 1591 Ali-

239 1641 324 1727 eire,
352 1649 390 1712 et
417 1639 537 1711 media
566 1639 664 1734 apud
693 1638 962 1726 Puchsiaucies,
991 1638 1055 1710 ubi
1085 1636 1195 1710 turris

240 1757 386 1828 defensa
419 1755 490 1829 fuit
523 1756 738 1852 conquisita,
774 1756 838 1828 sed
879 1755 1050 1851 princeps
1080 1753 1196 1849 jacuit

238 1875 334 1947 ultra
355 1883 518 1970 pontem,
539 1874 646 1969 juxta
669 1876 839 1970 pulcrum
862 1873 982 1946 rivum
1004 1895 1194 1968 aquarum,

239 2015 284 2063 ex
301 1991 405 2087 cujus
422 1998 578 2087 utraque
593 1999 698 2087 parte
720 1989 840 2088 patria
861 1989 1006 2086 ignibus
1028 1989 1194 2061 vastaba-

239 2123 311 2196 tur,
339 2133 425 2182 curn
453 2109 550 2181 bona
578 2109 666 2180 villa
699 2108 744 2180 de
780 2108 952 2195 Pezence,
980 2107 1045 2178 ubi
1078 2106 1196 2202 prima

240 2223 406 2296 custodia
429 2222 501 2296 fuit
525 2221 720 2316 hospitata.
772 2220 977 2308 Dominica‚
997 2223 1054 2294 die
1080 2223 1196 2296 sancti

240 2338 394 2426 Macuti‚
412 2339 641 2410 intraverunt
661 2361 728 2431 per
747 2338 904 2432 patriam
920 2339 1098 2432 pulcram,
1116 2340 1197 2410 lon-

241 2479 326 2550 gam
350 2461 387 2525 et
411 2454 536 2538 latam,
555 2452 683 2524 itinere
706 2475 851 2547 magno,
871 2461 908 2524 et
933 2452 1112 2526 eirercitus
1138 2477 1197 2526 ac-

242 2569 413 2645 celeravit
429 2569 485 2648 (ad
514 2568 598 2656 hoc,
627 2569 726 2664 quod
754 2569 925 2665 princeps
954 2568 1048 2641 foret
1074 2569 1198 2667 hospi-

240 2697 339 2761 tatus
364 2687 403 2759 in
428 2686 573 2759 abbatia
597 2709 730 2781 magna
754 2685 869 2760 beatae
895 2685 1022 2758 Mariae
1045 2686 1089 2759 de
1112 2686 1199 2760 Pro-

242 2807 328 2890 lian,
346 2805 411 2878 ubi
436 2804 476 2877 in
498 2803 681 2878 distinctis
705 2804 872 2876 claustris
894 2805 1025 2877 vivunt
1048 2803 1093 2876 de
1114 2828 1198 2900 pos-

242 2922 462 2995 sessionibus
490 2923 560 2993 100
586 2921 858 3009 Praedicatores‚
881 2930 918 2994 et
945 2923 1016 2992 140
1042 2921 1197 2994 dominae

242 3040 403 3126 reclusae,
438 3047 576 3110 vocatae
609 3037 891 3126 Praedicatricea
925 3037 989 3109 ubi
1027 3037 1198 3110 dominus

241 3155 410 3253 princeps
445 3154 483 3227 in
514 3152 739 3250 spiritualem
768 3152 1103 3226 confraternitatem
1131 3153 1197 3226 do-

241 3297 323 3344 mus
349 3296 435 3344 cum
460 3271 587 3343 multis
613 3271 693 3344 aliis
719 3269 848 3343 devote
875 3269 993 3342 fuerat
1018 3278 1197 3368 receptus.

244 3388 313 3461 Illo
340 3389 398 3460 die
426 3387 606 3459 exercitus
634 3385 822 3460 succendit
850 3386 946 3460 inter
972 3395 1102 3460 caetera
1129 3388 1196 3460 vil-

241 3506 314 3575 lam
341 3503 386 3575 de
411 3503 606 3598 Lemoyns,
624 3503 687 3576 ubi
710 3503 858 3576 suerunt
882 3512 1083 3576 conventus
1106 3527 1196 3600 quo-

242 3619 414 3691 rumlibet
431 3617 598 3706 fratrum,
616 3619 792 3715 majorem
813 3618 1036 3708 Carkasona,
1055 3630 1092 3694 et
1113 3621 1196 3717 pul-

242 3759 347 3809 crum
376 3734 553 3832 oppidum
583 3743 756 3808 vocatum
783 3735 969 3832 Falanges,
996 3737 1056 3808 cui
1085 3737 1196 3833 perti-

242 3854 377 3926 nebant
411 3855 454 3924 21
493 3851 710 3925 molendinas
742 3862 913 3941 ventosae,
944 3862 982 3926 et
1014 3853 1118 3926 villas
1153 3853 1197 3925 de

241 3968 402 4045 Vularde
419 3980 456 4043 et
474 3969 592 4057 Serre,
611 3993 696 4042 cum
714 3978 792 4043 tota
807 3970 934 4066 patria.
988 3968 1057 4041 Die
1081 3968 1196 4042 Luna

242 4087 362 4160 media
384 4089 551 4161 custodia
572 4088 826 4186 hospitabatur
851 4088 949 4184 apud
973 4087 1106 4159 bonam
1129 4087 1196 4160 vil-

242 4204 316 4276 lam
337 4214 505 4278 vocatam
523 4204 815 4303 Ayollpuhbone‚
834 4205 898 4278 diu
919 4203 1114 4292 defensam,
1134 4205 1197 4278 sed

243 4320 485 4416 conquisitam
512 4345 577 4416 per
604 4322 805 4411 insultum;
832 4323 937 4419 cujus
964 4331 1124 4396 castrum
1151 4323 1211 4396 ad·
