3110 5026
392 619 462 692 194
545 678 549 684 .
640 635 1070 686 11111111111111111
1128 614 1343 704 [111349.

385 765 446 840 tioe
463 772 502 840 et
517 763 596 836 aliis
613 762 780 859 plurimis
798 761 843 834 de
860 767 974 857 regno
991 759 1163 848 anciae,
1176 760 1342 833 exercitu

385 888 617 976 congregato,
635 879 768 952 iterum
784 878 882 952 circa
904 877 1038 950 festum
1062 877 1178 949 sancti
1198 874 1343 948 Micha-

383 995 452 1070 elis
471 994 678 1070 Flandriam
700 993 845 1082 invasu,
865 1001 901 1066 et
924 1016 989 1088 per
1010 993 1120 1066 falsos
1144 991 1343 1073 Flandrem

385 1135 443 1184 ses
470 1111 537 1184 sibi
563 1118 827 1184 consentaneos
854 1108 993 1204 Bruges
1018 1109 1214 1204 ingressus,
1239 1133 1342 1204 mag-

386 1251 473 1302 nam
499 1227 773 1304 multitudinem
798 1225 962 1304 fidelium
991 1225 1085 1321 regis
1110 1224 1251 1321 Angliae
1277 1225 1344 1298 dc

385 1345 477 1418 mini
498 1344 557 1418 sui
580 1343 792 1421 catervatim
814 1342 854 1414 in
876 1366 1004 1415 eorum
1026 1341 1192 1414 domibus
1210 1351 1247 1415 et
1262 1342 1341 1438 pla

284 1491 305 1524 ε
385 1461 454 1536 teis
480 1460 687 1552 trucidavit,
705 1469 743 1533 et
768 1459 868 1532 misit
892 1459 963 1532 illis
990 1458 1035 1532 de
1051 1458 1154 1555 Ypro
1181 1467 1218 1530 et
1240 1459 1341 1530 Gan-

386 1579 481 1651 devo
505 1587 543 1651 et
569 1577 648 1650 aliis
673 1577 781 1664 villis,
808 1585 947 1672 petens,
974 1575 1087 1648 immo
1107 1576 1238 1672 jubens
1261 1574 1341 1647 illas

385 1695 420 1767 ei
458 1693 571 1782 reddi,
607 1717 763 1789 quarum
796 1693 936 1780 incolae,
972 1692 1129 1788 acceptis
1172 1691 1341 1778 induciis,

385 1809 610 1906 scripserunt
635 1810 711 1905 regi
731 1810 884 1906 Angliae‚
903 1809 1001 1905 quod
1026 1809 1077 1882 eis
1103 1816 1342 1894 succurreret,

385 1932 449 1996 ent
474 1946 537 1996 eos
563 1932 747 2018 oporteret
772 1925 915 1997 comitis
943 1923 1104 1998 dominio
1130 1932 1168 1997 et
1195 1924 1342 2020 tyranni

386 2039 609 2112 Francorum
627 2063 666 2112 se
682 2041 907 2130 submittere,
925 2051 963 2114 et
985 2042 1066 2114 ideo
1089 2041 1184 2114 circa
1206 2040 1342 2113 festum

387 2153 565 2229 Omnium
592 2155 809 2230 Sanctomm
837 2182 913 2246 rex,
942 2158 1199 2231 comitantibus
1227 2157 1342 2230 comi-

387 2267 484 2345 tibus
519 2267 739 2344 Leucastriac
769 2279 806 2344 et
835 2269 1073 2344 Suthfolchiae
1107 2279 1143 2343 et
1176 2269 1267 2356 aliis,
1302 2269 1340 2341 in

386 2384 595 2462 Flandriam
628 2387 886 2476 transfretavit,
922 2371 959 2460 et
991 2411 1119 2461 versus
1152 2385 1341 2460 lianoiam
1484 2469 1492 2484 ἱ

387 2525 473 2578 suos
491 2502 608 2590 duxit,
624 2503 724 2578 unde
741 2503 922 2577 renovatis
945 2504 1081 2600 treugis
1103 2504 1197 2576 inter
1219 2503 1342 2599 ipsum

385 2628 424 2694 et
450 2618 622 2708 Gallicae,
650 2644 772 2694 comes
797 2620 974 2696 Flandriae
997 2621 1073 2717 jam
1099 2621 1208 2700 tertio
1235 2618 1342 2714 regim

386 2737 587 2812 clementia
622 2746 659 2810 et
692 2736 855 2810 dominio
890 2761 928 2810 se
962 2737 1142 2810 submisit.
1200 2734 1342 2808 Deinde

388 2853 435 2928 ad
463 2854 730 2929 soleumitatem
755 2852 1017 2927 Translationis
1047 2853 1164 2927 sancti
1190 2851 1341 2930 Thomae

387 2965 616 3054 confessoris,
643 2975 681 3042 et
710 2966 872 3062 episcopi
897 2965 1186 3053 Herefordensis,
1213 2988 1278 3038 rex
1302 2964 1343 3036 in

389 3080 560 3176 Angliam
595 3104 772 3169 reversus,
803 3105 870 3155 sna
899 3090 935 3154 et
965 3082 1119 3156 aliorum
1148 3105 1343 3177 procerum

387 3197 489 3290 regni
515 3198 646 3272 devota
668 3196 860 3292 presentia
882 3197 1132 3270 solemnizavit
1155 3197 1343 3291 egregium

386 3309 521 3386 festum
563 3309 837 3384 convivantium
879 3309 918 3381 11
959 3309 1136 3386 honorem
1177 3313 1343 3408 praedicti

385 3421 473 3494 almi
498 3419 715 3502 contessoris
742 3420 973 3510 celebratum,
999 3423 1045 3498 ad
1069 3423 1252 3520 largifluas
1278 3449 1342 3498 ex-

387 3560 517 3632 pensas
543 3534 688 3616 Nicolai
714 3537 759 3610 de
785 3535 982 3634 Cantilupo
1009 3540 1169 3628 baronis,
1194 3543 1341 3637 cognati

387 3651 501 3747 ipsius
535 3653 652 3728 sancti
684 3653 846 3730 Thomas.
904 3655 1068 3731 Instante
1101 3658 1251 3754 praefata
1284 3682 1343 3731 so-

381 3767 585 3857 lemnitate,
617 3772 827 3848 nuntiatum
855 3783 911 3847 est
938 3774 1013 3870 regi
1039 3799 1104 3871 per
1130 3776 1341 3848 secretarios

387 3881 545 3958 Emerici
579 3884 623 3960 de
654 3886 789 3976 Padua,
820 3889 946 3963 militis
981 3891 1215 3987 stipendiarii,
1243 3892 1341 3986 quod

388 4002 657 4096 quartadecima
690 4005 748 4078 die
782 4007 916 4080 mensis
950 4007 1116 4081 Januarii
1148 4008 1266 4081 forent
1301 4008 1341 4080 in

390 4113 570 4192 Calesiam
592 4117 786 4214 recipiendi
808 4117 992 4196 Galfridus
1010 4122 1055 4194 de
1073 4119 1221 4217 Chamy
1237 4121 1341 4194 miles
1359 4164 1363 4172 ·

389 4241 427 4305 et
449 4235 510 4306 alii
528 4233 659 4310 Gallici
682 4235 721 4308 in
745 4261 876 4334 magno
899 4263 1064 4326 numero,
1084 4239 1215 4332 quibus
1235 4236 1341 4312 Cale-
