3136 5016
484 652 528 698 nn
549 649 676 700 annea
696 653 742 698 nn
763 651 1003 699 swruaaoxu.
1170 631 1213 700 31

315 777 410 850 Α.1).
435 778 541 851 1065.
585 779 644 850 Ab
667 779 771 851 obitu
794 779 910 852 sancti
933 777 1101 851 Edwardi
1124 779 1218 874 regis

266 902 302 965 et
340 893 557 967 confessoris
592 906 705 990 quum
739 904 924 989 regnasset
959 898 1008 966 23
1043 895 1159 982 annia,
1196 894 1217 967 6

265 1007 462 1093 mensibus
482 1021 519 1080 et
542 1008 639 1104 apud
656 1007 1025 1080 westmonasterium
1046 1008 1219 1104 sepelitur

466 1125 552 1195 282.

316 1237 455 1309 Eodem
485 1262 580 1310 anno
605 1238 811 1311 Willelmus
847 1247 1065 1334 conquestor
1099 1239 1218 1313 dietus

266 1351 420 1424 Bastard
450 1354 489 1424 in
518 1352 691 1448 Angliam
720 1355 831 1440 venit,
860 1364 897 1426 et
925 1356 1092 1450 proximo
1123 1379 1219 1427 anno

266 1469 433 1565 sequenti
452 1469 703 1541 coronabatur.
902 1525 905 1530 .

317 1584 413 1657 Α.Ι).
437 1583 506 1658 107
509 1587 543 1656 2.
587 1583 644 1656 Ex
665 1609 737 1681 quo
760 1582 979 1657 Malcolmus
1001 1609 1065 1656 rex
1089 1583 1218 1676 Scotiae

265 1699 351 1773 fecit
374 1701 584 1795 homagium
602 1700 787 1772 Wilielmo
810 1700 966 1773 Bastard
989 1701 1219 1796 conquestori

265 1842 332 1913 pro
349 1842 461 1913 regno
480 1817 623 1905 Scotiae,
643 1819 741 1915 quod
763 1818 809 1890 de
832 1818 1016 1891 eo‘tenuit

266 1932 351 2008 275.

314 2048 411 2121 A.D.
445 2045 552 2125 1087.
606 2048 665 2122 Ab
700 2049 803 2122 obitu
836 2050 999 2144 ejusdem
1029 2047 1216 2136 willelmi,

266 2190 379 2261 quum
397 2167 580 2260 regnasset
598 2167 648 2237 30
665 2166 780 2252 annis,
796 2173 832 2237 et
845 2165 943 2259 apud
956 2163 1162 2237 Cadornum
1179 2164 1218 2234 in

265 2280 491 2354 Normannia
508 2281 692 2377 sepelitur.
740 2281 880 2353 Eodem
896 2305 992 2353 anno
1011 2279 1217 2352 Willelmus

264 2398 382 2470 Rufus
408 2399 506 2471 filius
533 2399 621 2471 dicti
638 2398 814 2470 Willelmi
840 2397 1006 2482 Bastard,
1032 2397 1071 2468 in
1096 2419 1218 2491 regern

265 2523 461 2587 coronatur
663 2513 748 2586 260.

315 2628 410 2701 A.D.
434 2632 540 2701 1100.
584 2629 643 2701 Α1)
670 2628 772 2701 obitu
788 2627 966 2700 Willelmi
988 2627 1086 2714 Rufi,
1105 2651 1219 2722 quum

265 2751 450 2842 regnasset
473 2747 517 2816 13
541 2745 657 2832 annis,
677 2754 713 2817 et
729 2744 828 2840 apud
845 2742 1074 2815 Wintoniam
1091 2745 1219 2839 sepeli-

265 2871 337 2935 tur.
390 2861 530 2934 Eodem
553 2885 648 2933 anno
672 2869 867 2933 coronatur
890 2857 1073 2930 Henricus
1091 2858 1121 2946 I,
1148 2859 1219 2932 srass

264 2987 321 3051 ter
349 2978 439 3074 ejus,
472 2978 590 3050 dictus
618 2976 801 3050 Henricus
829 2975 1008 3048 clericus·
1050 2974 1127 3058 Qui
1157 2977 1219 3049 de-

265 3095 453 3191 sponsavit
470 3094 663 3167 Matildam
679 3094 792 3166 filiam
809 3093 999 3167 Maloolmi
1017 3093 1112 3188 regis
1131 3093 1218 3166 Sco·
1296 3106 1301 3112 “

265 3211 324 3282 tiae
350 3219 386 3283 et
413 3219 548 3283 sanetae
564 3209 792 3305 Margaretse‚
812 3209 948 3281 dictam
967 3205 1132 3282 ‘Bonam
1148 3209 1219 3282 Re·

255 3326 399 3421 'gisam'
602 3325 688 3401 247.

315 3441 411 3513 An.
435 3444 541 3514 1110.
573 3441 609 3512 A
627 3441 905 3537 desponsatione
922 3440 1087 3512 Matildis
1104 3441 1219 3536 impe-

265 3557 405 3630 ratricis
433 3557 514 3630 filiae
540 3557 635 3652 regis
663 3550 815 3630 Henrici
840 3566 877 3629 et
903 3556 1068 3628 Matildis
1094 3557 1218 3629 uxoris

267 3697 341 3746 suae
353 3673 416 3746 vix
429 3673 653 3770 quinquenni
669 3672 879 3770 imperatori
892 3672 1218 3745 Alemanniae--m

268 3789 352 3863 237.

297 3881 412 3977 'An
437 3907 544 3978 rus.
575 3906 632 3977 Ab
654 3905 756 3978 obitu
776 3904 940 3976 Matina
959 3904 1063 3977 arcta
1083 3903 1217 3976 ‘aonae

267 4023 437 4118 Regina)
501 4021 640 4095 Eodem
675 4046 770 4095 anno
805 4023 894 4094 ordo
927 4019 1218 4116 Templariorum

266 4139 362 4234 apud
378 4139 582 4211 Jerusalem
598 4139 735 4235 incepit
937 4139 1021 4211 229.

317 4253 408 4326 nl).
450 4255 556 4329 1127.
621 4253 805 4328 Galsridus
841 4277 962 4326 comes
997 4248 1217 4343 Andegaviae
