3110 5026
243 614 455 707 l.1>.1353.]
496 641 540 687 on
561 640 690 688 sanna
710 640 757 687 on
776 640 1017 688 swrnnnorrn.
1123 620 1196 689 223

243 789 389 861 semper¹
414 767 497 861 plus
523 765 689 861 Anglicis
716 776 921 839 nocuerunt
947 791 1057 862 quam
1077 765 1199 839 vsastus

242 881 472 978 pompaticus
496 879 732 969 Gallicorum,
757 881 944 979 profectus
968 893 1023 956 est
1049 883 1087 955 in
1111 883 1200 956 Sco-

242 998 331 1071 tiam
359 1023 444 1072 cum
471 1023 602 1094 magna
629 981 801 1072 comitile
828 1008 1051 1072 armatorum
1079 1008 1116 1072 et
1143 1001 1201 1072 sass

242 1115 472 1210 gittariorum
514 1124 623 1210 atque
660 1113 903 1188 Wallensium
944 1116 1200 1213 vespilionum,

243 1231 307 1304 ubi
343 1231 550 1304 Marchiam
593 1231 883 1326 transequitavit,
919 1241 956 1302 et
997 1232 1202 1331 inforciavit

244 1357 407 1422 castrum
440 1347 485 1420 de
513 1347 751 1444 Loghmaban
780 1357 818 1420 et
848 1348 936 1421 alias
968 1372 1051 1421 suas
1081 1350 1201 1422 muni-

245 1465 374 1552 tiones,
404 1475 512 1559 atque
539 1465 636 1561 cepit
663 1464 871 1538 inboscatos
898 1464 1029 1538 Scotos
1053 1465 1204 1538 bellico-

246 1604 319 1668 sos
338 1582 400 1653 sed
417 1581 511 1653 inter
529 1590 678 1654 caeteros
696 1580 887 1653 dominum
909 1634 1059 1654 .....
1082 1581 1204 1653 virum

245 1698 440 1771 militarem
463 1708 500 1770 et
523 1700 688 1771 dotatum
706 1699 851 1794 praediis
869 1698 968 1770 mille
986 1721 1203 1770 marcarum.

246 1813 387 1888 Habuit
409 1817 520 1888 etiam
543 1824 741 1889 tractatum
763 1816 864 1912 pacis
888 1841 973 1890 cum
995 1816 1057 1888 illa
1078 1839 1207 1913 super-

230 1932 395 2005 ¹bissima
425 1939 531 2028 gente
562 1931 769 2020 Scotorum,
801 1933 864 2030 qui
897 1934 1054 2006 libenter
1081 1956 1205 2028 regem

247 2072 356 2122 suum
398 2050 634 2123 redemissent
672 2059 709 2122 et
748 2059 964 2147 perpetuam
1006 2049 1205 2122 amicitiam

248 2190 331 2239 cum
364 2165 529 2262 Anglicis
563 2165 745 2252 fecissent,
781 2167 833 2240 ita
867 2177 991 2240 tamen
1026 2168 1123 2262 quod
1161 2168 1206 2239 de

248 2307 331 2378 rege
358 2282 500 2376 Angliae
526 2305 591 2354 rex
619 2280 816 2354 Scotorum
841 2306 945 2354 suam
972 2291 1106 2354 terram
1131 2306 1206 2354 non

251 2384 401 2472 teneret.

301 2515 512 2600 lemanno,
541 2514 580 2585 in
607 2514 669 2586 die
693 2512 809 2587 sancti
835 2511 979 2586 Nicolai
1007 2511 1097 2586 obiit
1123 2511 1207 2586 Cle-

250 2653 353 2704 mens
383 2655 479 2726 papa
508 2639 644 2717 sextus,
674 2629 734 2721 cui
765 2629 940 2702 successit
970 2629 1207 2704 Innocentius

249 2773 356 2845 papa,
392 2748 502 2819 etiam
535 2754 672 2818 sextus.
733 2744 807 2819 Iste
841 2769 937 2841 papa
971 2744 1206 2819 Innocentius

251 2889 318 2961 pro
356 2888 490 2960 magno
529 2863 629 2959 pacis
669 2863 857 2950 desiderio,
894 2862 994 2935 misit
1028 2861 1206 2936 Calesiam

252 2981 472 3058 cardinalem
505 2978 785 3067 Bononiensem,
820 2978 1033 3052 auditurum
1075 2987 1206 3052 tracta-

252 3108 333 3172 tum
367 3099 411 3170 de
445 3121 534 3193 paee
571 3096 672 3169 finali
714 3096 810 3168 inter
852 3108 963 3190 regna
995 3094 1138 3191 Angliae
1171 3105 1209 3168 et

251 3215 423 3302 Francia,
459 3215 519 3289 cui
558 3213 814 3288 confluxerunt
856 3213 1010 3286 concilia
1052 3213 1207 3286 duorum

252 3357 446 3430 regnorum
473 3357 559 3406 cum
588 3333 696 3429 plena
723 3330 938 3404 auctoritate
965 3331 1145 3404 tractandi
1172 3340 1209 3404 et

252 3449 498 3522 constituendi
525 3447 752 3520 conditiones
779 3447 880 3542 pacis
908 3447 1077 3543 praefata,
1106 3454 1143 3519 et
1169 3447 1209 3518 in

252 3566 324 3638 hoc
358 3564 506 3636 tandem
541 3571 815 3658 consenserunt,
847 3563 945 3658 quod
974 3589 1039 3636 rex
1068 3563 1209 3659 Angliae

253 3682 452 3778 resignaret
489 3688 609 3752 totum
640 3681 701 3776 jus
736 3704 846 3753 suum
880 3681 977 3776 quod
1010 3681 1137 3754 habuit
1171 3680 1210 3752 in

255 3823 408 3896 regnum
432 3796 592 3870 Francia
620 3805 655 3869 et
682 3797 880 3871 dimitteret
909 3821 1042 3871 nomen
1069 3797 1210 3892 regium

255 3916 489 4002 Francorum,
526 3923 563 3988 et
596 3915 745 3988 haberet
785 3939 852 4011 pro
895 3923 997 3988 tanto
1037 3916 1211 3988 ducatum

258 4032 461 4129 Aquitaniae
478 4042 515 4105 et
532 4032 728 4106 comitatus
745 4029 932 4128 D'Artoys
953 4039 990 4102 et
1010 4031 1054 4103 de
1072 4027 1209 4126 Gynes,

257 4173 324 4244 pro
347 4172 385 4221 se
408 4158 444 4221 et
466 4149 540 4221 suis
559 4149 826 4230 successoribus
844 4148 987 4244 regibus
1006 4147 1211 4242 Anglorum

258 4266 393 4360 absque
414 4265 485 4337 hoc
507 4267 605 4362 quod
630 4267 683 4338 de.
698 4289 782 4361 rege
805 4265 967 4340 Franciae
988 4265 1050 4338 illa
1072 4273 1211 4338 teneret
