3136 5016
397 631 445 703 22
658 649 882 700 cnaonucon
902 651 1083 699 snnrulm

396 776 630 872 crucifigitur.
683 775 731 849 Et
753 775 882 850 eodem
903 800 998 849 anno
1020 778 1222 850 secundum
1240 801 1347 874 quos-

396 893 492 978 dam,
524 892 732 989 Stephanus
766 903 1012 990 protomartyr
1037 917 1059 966 a
1083 893 1222 968 Judaeis
1256 895 1347 991 lapi-

396 1008 816 1083 datum—1314.

446 1125 542 1200 At).
562 1130 622 1198 34.
651 1127 786 1199 Beatus
803 1126 932 1200 Petrus
950 1127 1160 1199 cathedram
1182 1129 1348 1201 sacerdo-

396 1243 507 1314 talem
532 1243 571 1314 in
596 1243 759 1338 partibus
785 1243 1018 1316 orientalibus
1042 1243 1162 1338 primo
1188 1245 1348 1315 tenuit4

397 1360 513 1446 annis,
533 1360 595 1432 ubi
612 1359 769 1455 primam
791 1360 940 1432 missam
964 1359 1169 1444 celebravit,
1195 1359 1348 1431 dicendo

397 1477 651 1550 tantummodo
673 1477 781 1548 Pater
805 1485 938 1548 noster.
990 1474 1038 1549 Et
1063 1500 1159 1548 anno
1185 1476 1350 1571 sequenti
1481 1481 1482 1484 ’

397 1590 532 1664 Paulus
555 1593 742 1687 apostolus
768 1591 991 1663 convertitur
1017 1600 1053 1663 et
1078 1592 1193 1664 fidelis
1220 1591 1349 1686 praedi-

399 1715 500 1779 cator
517 1707 983 1778 efficitur—-ael313,

448 1820 542 1893 A.D.
562 1824 622 1893 38.
661 1820 791 1892 Petrus
827 1822 925 1918 apud
958 1821 1193 1896 Antiochiam
1227 1824 1349 1896 cathe-

401 1937 503 2010 dram
530 1937 683 2032 adeptus
714 1946 781 2023 est,
810 1938 873 2010 ubi
902 1938 996 2011 sedit
1023 1938 1044 2014 7
1071 1940 1186 2012 annis.
1240 1938 1350 2012 Anno

399 2053 558 2168 secundo
601 2062 685 2148 post
718 2052 917 2126 Matthaeus
952 2038 1172 2150 evangelista
1206 2055 1351 2152 scripsit

400 2168 713 2245 ---—--1309.

448 2283 626 2358 11142.
666 2285 727 2357 Ab
761 2285 1009 2381 assumptione
1043 2285 1171 2359 Mariae
1201 2288 1352 2384 virginis

400 2425 513 2498 quum
541 2411 636 2476 esset
663 2425 842 2474 annorum
872 2403 931 2503 ⁵4:
983 2400 1032 2474 Et
1060 2425 1156 2475 anno
1184 2405 1352 2498 proximo

399 2517 549 2592 Marcus
579 2517 800 2614 evangelista
829 2518 1057 2613 evangelium
1087 2517 1353 2592 edidit—--

405 2638 546 2825 13iifl).
565 2753 626 2825 45.
654 2753 783 2826 Petrus
800 2753 987 2847 apostolus
1010 2753 1109 2847 apud
1129 2751 1285 2824 Romam
1304 2754 1351 2824 25

399 2870 515 2955 annis,
542 2868 564 2942 7
587 2869 784 2953 mensibus,
809 2871 832 2938 8
856 2868 994 2954 diebus,
1019 2867 1273 2962 pontificatum
1298 2877 1352 2940 te-

399 2985 481 3056 nuit
687 2983 794 3054 1302.

450 3098 545 3172 A.D.
566 3098 625 3170 63.
653 3097 813 3170 lacobus
830 3096 943 3171 frater
962 3098 1123 3187 Domini,
1143 3099 1205 3196 qui
1221 3099 1353 3173 Justus
1464 3117 1466 3121 ·

400 3217 614 3312 appellatur,
639 3216 684 3287 ab
709 3215 830 3310 impiis
856 3214 995 3289 Judaeis
1020 3216 1354 3312 lapidatur-*-

405 3336 512 3406 1284.

452 3448 546 3522 An).
568 3446 626 3522 70.
653 3448 782 3522 Petrus
810 3473 924 3545 quum
951 3451 1197 3545 apostolatum
1225 3449 1264 3520 in
1292 3471 1352 3520 su-

401 3565 574 3664 pradictis
596 3565 686 3638 locis
710 3565 758 3636 36
783 3565 888 3637 annis
911 3565 1101 3651 tenuisset,
1120 3565 1188 3637 sub
1207 3564 1354 3636 Nerone

405 3681 699 3754 Christianorum
715 3689 975 3777 persequutore
992 3681 1229 3775 crucifigitur.
1282 3679 1355 3752 Eo·

402 3798 487 3871 dem
509 3821 617 3884 anne,
636 3797 764 3871 eodem
787 3798 856 3884 die,
876 3805 912 3868 et
930 3796 997 3868 sub
1014 3797 1142 3868 eodem
1157 3820 1355 3892 persequu-

402 3926 492 4002 tore,
513 3915 648 3988 Paulus
665 3915 852 4010 apostolus
870 3913 1079 3985 decollatur.
1132 3910 1181 3984 Et
1203 3921 1356 4009 uterque

403 4033 501 4130 apud
518 4033 674 4106 Romam
692 4026 1177 4127 sepontum-1277.

453 4149 547 4222 AD.
570 4148 628 4224 71.
669 4147 805 4218 Beatus
832 4145 947 4216 Linus
978 4143 1076 4240 apud
1106 4144 1262 4216 Romam
1289 4145 1356 4216 im-

402 4268 557 4340 mediate
580 4274 664 4360 post
683 4263 832 4334 Petrum
855 4261 1111 4357 pontificatum
1129 4262 1301 4357 suscepit,
1320 4273 1357 4334 et
