3110 5026
235 637 451 727 n.o.1349.]
491 657 536 706 nn
556 657 685 706 annun
704 657 752 706 on
772 655 1013 707 swruncorm.
1121 633 1192 712 199

119 832 123 834 -
233 785 280 858 ab
301 785 420 860 officio
441 784 563 860 debito
586 799 804 884 suspensum
822 793 932 881 atque
950 784 1101 858 Gallicis
1119 794 1193 859 tra·

235 901 355 976 ditum
380 904 516 990 tutelas,
542 902 581 976 in
605 902 752 976 illorum
775 901 994 976 delusoriam
1017 901 1193 978 assecuti·

234 1018 422 1092 tationem.
475 1019 535 1092 Ad
560 1019 754 1115 strepitum
777 1017 854 1091 saxi
878 1028 914 1091 et
938 1019 1060 1114 pontis
1086 1018 1193 1092 fracti

232 1135 365 1210 armati
399 1135 632 1221 anachoritae,
667 1135 820 1232 depulso
854 1158 959 1207 muro
993 1135 1097 1209 fictili
1130 1159 1192 1210 eos

231 1253 439 1326 occultante
464 1259 731 1348 apostatarunt,
756 1260 792 1325 et
819 1251 866 1323 ad
893 1271 1002 1322 suum
1027 1249 1192 1325 ordinem

179 1367 180 1372 ’
232 1367 367 1442 milites
388 1366 629 1463 Franoigenas
653 1376 850 1462 coegerunt
873 1366 953 1439 dira
975 1367 1192 1442 salutatione

231 1484 417 1560 invitatos.
455 1483 618 1556 insultus
635 1483 832 1556 acerrimus
849 1482 1022 1578 quamdiu
1034 1475 1190 1573 duravit,

233 1601 299 1674 sed
322 1601 469 1674 tandem
487 1600 620 1673 devicti
636 1601 760 1673 hostes
779 1599 993 1696 suppliciter
1008 1599 1192 1673 victorum

231 1718 414 1791 voluntati
439 1739 478 1791 se
503 1715 776 1790 commiserunt.
829 1716 1002 1790 Extranei
1028 1715 1190 1813 quinon

231 1833 427 1921 intrarunt,
456 1833 580 1906 statim
608 1842 803 1931 postquam
832 1843 1076 1930 perceperunt
1105 1855 1190 1906 suo·

231 1973 314 2023 rum
339 1949 577 2036 delusionem,
603 1960 705 2047 terga
729 1959 930 2038 verterunt,
955 1973 1048 2047 quos
1072 1950 1190 2024 domi-

232 2090 302 2140 nus
329 2089 395 2141 rex
423 2089 510 2141 cum
539 2065 772 2164 paucioribus
800 2090 910 2164 quam
941 2065 1098 2141 sedecim
1131 2085 1189 2141 ar·

231 2183 340 2257 matis
367 2192 404 2256 et
431 2183 585 2258 totidem
613 2183 808 2280 sagittariis
834 2185 955 2280 ipsum
981 2193 1187 2272 vocantem,

231 2299 294 2372 aed
316 2309 440 2373 tamen
462 2299 630 2395 ignotum
650 2299 920 2386 comitantibus,
939 2299 1113 2395 fugitivos
1135 2300 1188 2372 la-

231 2415 354 2501 cessit,
374 2415 512 2486 multos
535 2413 744 2510 prostravit,
764 2421 802 2485 et
824 2412 863 2486 in
885 2433 1002 2509 parvo
1023 2421 1189 2508 tempore

230 2529 337 2602 valde
361 2528 586 2625 periculosos
610 2529 752 2602 labores
780 2527 976 2624 superavit.
1031 2525 1189 2624 Cognita

171 2721 185 2738 l
231 2646 381 2718 demum
402 2643 671 2739 insequentium
692 2642 887 2741 paucitate,
910 2642 1097 2738 octoginta
1117 2642 1188 2716 viri

231 2769 454 2834 armatorum
476 2768 604 2832 contra
623 2783 746 2855 regem
772 2781 810 2832 se
836 2759 1045 2854 religarunt.
1099 2757 1188 2832 Non

229 2876 348 2950 audeo
365 2874 551 2972 sapientiae
566 2897 635 2946 nec
652 2873 815 2947 discretae
832 2872 985 2961 militiae,
1003 2874 1066 2947 sed
1087 2897 1189 2970 mag-

230 2991 437 3064 nanimitati
454 2990 546 3086 regis
564 2989 741 3063 ascribere
762 2991 863 3063 illam
880 3013 982 3062 suam
1003 2989 1043 3061 in
1064 2990 1189 3063 hostes

230 3109 560 3208 persequutionem,
586 3107 752 3204 quamvis
778 3108 870 3180 bene
897 3106 936 3181 in
963 3115 1067 3180 tanto
1093 3107 1188 3204 peri-

231 3226 315 3299 culo
336 3225 458 3321 ipsum
480 3233 624 3298 constet
644 3245 722 3297 rem
745 3222 911 3320 gessisse,
930 3231 967 3296 et
984 3223 1100 3319 gratia
1116 3221 1187 3296 Dei
1270 3252 1273 3258 ¹

231 3343 353 3438 ipsum
374 3341 639 3438 praeservantis,
664 3341 842 3415 honorem
862 3339 1107 3414 ventilationis
1130 3363 1186 3414 re-

230 3470 405 3558 portasse.
458 3460 532 3533 Ubi
552 3485 683 3558 nempe
705 3459 798 3534 vidit
820 3460 978 3534 Francos
1001 3461 1185 3556 religatos,

230 3578 362 3673 abjecit
387 3577 496 3672 gladii
520 3578 691 3673 vaginam
715 3588 753 3652 et
778 3601 864 3652 suos
890 3579 1110 3666 confortans,
1129 3589 1188 3652 at«

231 3719 302 3792 que
330 3693 495 3791 ipsorum
525 3694 698 3768 stationes
726 3695 934 3791 disponens,
960 3696 1008 3769 ad
1033 3695 1186 3770 viriliter

230 3811 411 3908 agendum
434 3809 658 3907 provocavit.
712 3807 895 3908 Sagittarii
916 3810 1024 3885 etiam
1047 3813 1086 3885 in
1108 3835 1187 3885 ma-

229 3928 323 4001 risco
352 3951 374 4000 a
406 3926 578 4000 lateribus
612 3935 837 4000 armatorum
871 3927 1113 4002 constiterunt
1146 3925 1186 3998 in

230 4043 335 4117 siccis
358 4041 567 4116 monticulis
591 4052 628 4115 et
650 4041 790 4116 limosis
813 4043 1006 4138 paludibus
1029 4042 1185 4115 circum·

229 4159 364 4247 vallati,
391 4184 437 4233 ne
463 4159 620 4255 graviter
642 4159 772 4234 armati
794 4158 934 4255 equites
956 4167 1020 4232 aut
1044 4156 1185 4255 pedites

229 4277 330 4373 ipsos
351 4276 504 4351 fuissent
527 4277 723 4374 insequuti,
746 4277 835 4374 quin
857 4277 982 4375 potius
1005 4277 1186 4352 submersi.
