3110 5026
379 632 451 721 236'
629 667 856 720 ouaourcou
876 669 1059 758 sanarum
1119 639 1210 742 [aa.
1226 651 1332 724 1355.

378 798 493 884 breto,
529 806 565 870 et
600 797 769 870 dominus
805 798 849 869 de
883 797 1012 870 Basset
1030 798 1234 887 ,Dreito'ne
1270 801 1334 896 qui

378 900 618 985 incontinenti
644 937 737 985 cumv
755 920 875 985 erecto
903 913 1051 1008 proprio
1079 914 1211 986 vexillo
1239 915 1334 987 mih·-

331 1033 338 1042 '
378 1017 478 1101 tavit.
532 1029 629 1102 Item'
657 1029 843 1128 Rolandus
877 1027 1023 1124 Daveys
1058 1037 1094 1102 et
1129 1021 1258 1125 plures
1287 1032 1334 1102 ad

378 1144 542 1218 ordinem
584 1145 778 1216 militarem
812 1144 1131 1240 promovebantur.
1194 1144 1347 1226 Diebus,

378 1260 553 1334 Mercurii
582 1246 619 1333 et
647 1259 764 1346 Jovis,
796 1261 958 1332 exercitu
992 1260 1031 1330 in
1063 1261 1179 1356 burgo
1215 1262 1333 1357 quies-

378 1387 493 1464 cente,
522 1377 653 1450 habitis
681 1376 848 1462 induciis,
881 1377 1030 1472 quidam
1059 1377 1105 1449 ad
1134 1377 1206 1450 hoo
1236 1379 1331 1450 ordi-

311 1529 316 1536 ·
377 1496 453 1566 nati
479 1503 680 1568 tractarunt
706 1494 750 1565 de
776 1504 864 1588 pace
891 1492 1073 1565 cumillis
1100 1495 1145 1566 de
1171 1495 1329 1581 civitate,

377 1613 481 1706 cujus
516 1612 612 1684 cives
648 1611 858 1684 obtuleruut
891 1634 959 1706 pro
994 1611 1193 1685 salvatione
1226 1613 1332 1709 burgi

376 1752 451 1799 non
493 1721 740 1814 comburendi,
786 1728 941 1800 ducenta
988 1737 1025 1799 et
1069 1729 1331 1825 quinquaginta
1378 1767 1381 1786 ι

376 1843 490 1916 millia
537 1853 761 1916 scutatorum
809 1868 1011 1916 aureorum.
1083 1843 1331 1918 Offerentibus

376 1983 506 2032 aurum
533 1959 702 2054 princeps
727 1960 926 2054 respondit,
947 1961 1044 2056 quod
1069 1960 1143 2034 hue
1168 1985 1243 2033 non
1269 1987 1330 2035 ve-

376 2077 431 2148 nit
449 2099 521 2171 -pro
548 2099 636 2147 auro
663 2076 726 2147 sed
748 2077 890 2170 justitia
910 2080 1172 2173 prosequenda,
1196 2104 1264 2152 nec
1287 2090 1331 2153 ut

375 2177 547 2263 venderet
574 2192 636 2263 sed
664 2192 809 2286 caperet
836 2192 1011 2265 civitates.
1053 2193 1163 2266 Unde
1190 2193 1330 2269 civibus

375 2309 414 2378 in
448 2309 617 2380 timorem
650 2308 814 2380 coronati
847 2307 1072 2382 Francorum
1105 2311 1331 2406 persistenti-

374 2426 455 2512 bus,
482 2450 549 2498 nec
577 2451 643 2498 suo
668 2426 815 2498 domino
839 2427 996 2498 naturali
1017 2427 1223 2501 volentibus
1247 2429 1331 2500 obc-

375 2543 463 2628 dire,
482 2567 546 2614 seu
572 2567 696 2614 revera
721 2567 795 2614 non
822 2543 1053 2616 audientibus
1078 2568 1146 2638 pro
1169 2544 1330 2617 vindicta

373 2643 537 2754 praedicti
563 2660 740 2745 coronati,
766 2659 934 2755 princeps
959 2659 1016 2732 die
1040 2660 1196 2732 crastina
1218 2662 1330 2758 jussit

373 2775 531 2872 burgum
560 2777 612 2848 ita
640 2776 796 2882 incendi,
828 2777 925 2872 quod
956 2778 1125 2851 domibus
1153 2780 1329 2875 religiosis

373 2901 591 2987 parceretur.
644 2893 714 2964 Die
731 2892 884 2966 Veneris
910 2894 1026 2989 burgo
1047 2887 1136 2991 igne
1163 2919 1328 2984 accens0,

374 3008 553 3081 exercitus
583 2993 742 3096 recessit,
772 3018 808 3081 et
837 3019 965 3105 postea
993 3035 1059 3107 per
1089 3010 1217 3085 fratres
1247 3014 1329 3085 reli-

374 3126 494 3220 giosos
521 3134 557 3198 et
583 3125 671 3197 alios
699 3126 838 3198 audivit
864 3126 962 3220 quod
988 3128 1125 3223 burgus
1151 3129 1328 3202 incinera-

374 3251 434 3312 tus
465 3249 551 3312 erat.
616 3239 684 3312 lllo
715 3241 784 3327 die,
817 3242 954 3313 scilicet
985 3245 1101 3316 sancti
1136 3243 1327 3332 Laonardi,

371 3356 596 3440 transierunt
645 3356 713 3427 iter
764 3347 1002 3445 laboriosum,
1047 3370 1247 3457 petrosum,
1292 3370 1329 3434 et

373 3497 562 3570 aquosum,
589 3471 740 3556 dimisso
766 3497 787 3545 a
815 3473 970 3548 sinistris
998 3487 1117 3551 castro
1145 3479 1189 3550 de
1217 3478 1328 3551 Bote-

324 3621 336 3638 ·
370 3589 468 3661 nake
494 3588 643 3673 intacta,
670 3614 736 3684 per
761 3593 979 3687 campestria
1006 3603 1042 3666 et
1070 3595 1174 3668 villas
1200 3605 1330 3668 vocata

373 3707 409 3778 la
442 3703 629 3790 Rustican,
666 3712 703 3776 et
741 3715 857 3778 totam
895 3707 1051 3802 patriam
1088 3710 1327 3783 combustam.

374 3817 532 3890 Sabbato
559 3841 625 3913 per
651 3815 730 3890 iter
747 3821 950 3905 taediosum,
978 3828 1088 3891 vento
1116 3829 1152 3891 et
1179 3824 1330 3916 pulvere

374 3933 550 4007 exercitui
575 3933 726 4022 nociviS,
751 3936 966 4008 dimiserunt
992 3959 1013 4006 a
1039 3934 1198 4022 sinistris
1219 3937 1330 4032 pisci-

372 4079 458 4128 nam
483 4078 658 4148 aquarum
684 4055 895 4137 recentium,
925 4051 1116 4123 habentem
1145 4051 1184 4124 in
1212 4053 1328 4128 circu-

372 4172 427 4246 itu
460 4172 510 4268 20
544 4172 678 4256 leuoaS,
714 4193 794 4263 quae
828 4191 895 4239 nec
930 4167 1059 4264 recipit
1093 4193 1160 4242 nec
1195 4171 1329 4244 emittit

360 4311 483 4382 aquas
509 4287 664 4370 aliunde,
690 4284 759 4356 nisi
784 4283 960 4379 pluviales
986 4295 1050 4359 aut
1077 4287 1325 4374 scaturientes,
