3118 5008
375 627 422 702 96
627 646 853 696 canomcon
874 646 1058 694 enmunm
1116 623 1329 715 [numae.

374 775 498 871 giavit‚
525 783 561 847 et
594 782 636 847 ut
669 783 810 846 tactum
839 782 907 860 est,
935 773 982 846 ad
1011 773 1162 846 exilium
1196 776 1329 871 abegit.

375 890 441 964 Ille
467 891 511 963 de
537 889 702 986 Corneye
729 889 931 962 Marsiliam
952 889 1140 984 fugitivus,
1162 890 1331 966 clanculo

374 1017 470 1104 post,
494 1007 588 1080 infra
611 1008 807 1090 triennium
831 1007 1010 1102 cognitus
1034 1015 1176 1102 captus,
1195 1017 1232 1080 et
1248 1011 1331 1081 veri

375 1147 437 1196 sus
466 1123 635 1219 Angliam
662 1123 845 1209 reduetus,
874 1145 1021 1218 poenam
1049 1147 1117 1219 pro
1145 1123 1331 1199 demeritis

358 1250 599 1340 recepturus,
616 1240 654 1311 in
671 1239 763 1311 mari
779 1238 896 1311 fuerat
913 1239 1150 1335 decapitatus,
1169 1265 1214 1312 ne
1236 1241 1331 1315 forte

375 1365 562 1452 magnates
587 1364 624 1428 et
652 1379 803 1452 magnos
831 1355 998 1450 praelatos
1029 1364 1065 1427 et
1095 1358 1328 1452 quamplures

376 1473 466 1545 alios
484 1473 529 1545 de
546 1497 669 1568 regne,
689 1471 758 1544 sibi
776 1495 884 1544 suurn
901 1471 1002 1544 nesas
1021 1473 1219 1559 monuisse,
1237 1484 1275 1547 et
1291 1475 1330 1546 in

376 1589 467 1661 illud
484 1589 551 1662 sibi
568 1613 756 1662 assensum
772 1587 970 1684 praebuisse
987 1599 1186 1662 accusaret.
1227 1591 1331 1663 Alter

375 1729 474 1791 vero,
488 1704 718 1789 Maltravers
737 1704 901 1800 partibus
918 1703 1205 1778 Teutonicorum
1219 1730 1329 1801 agens

376 1820 629 1916 poenitentiam
646 1818 710 1892 diu
725 1818 894 1892 latitavit.

426 1934 626 2030 Postquam
643 1934 821 2029 gloriosus
838 1958 904 2008 rex
919 1933 1118 2008 Edwardus
1135 1935 1236 2031 regni
1255 1936 1330 2010 dia·

377 2050 493 2136 dema,
524 2059 567 2122 ut
601 2049 852 2147 praescriptum
885 2058 952 2136 est,
988 2073 1055 2123 suo
1088 2051 1330 2148 primogenito

377 2164 525 2238 domino
542 2163 720 2238 Eduardo
741 2165 787 2237 de
801 2164 1018 2238 Windesore
1037 2166 1244 2262 resignavit,
1267 2168 1330 2240 ha·

377 2280 462 2353 bitis
486 2282 530 2353 de
557 2281 629 2354 hoc
650 2280 758 2354 certis
783 2282 1001 2369 rumoribus,
1027 2281 1067 2353 in
1094 2283 1334 2377 parliamento

377 2395 587 2486 londoniae,
606 2398 707 2493 regni
724 2423 891 2495 proceres
908 2407 946 2470 et
962 2399 1102 2494 praelati
1119 2399 1241 2494 ipsum
1257 2393 1332 2472 Edss

377 2515 539 2588 wordum
564 2514 735 2588 Edwardi
756 2514 1052 2612 primogenitum,
1079 2517 1124 2587 15
1151 2538 1331 2589 annorum

377 2632 655 2720 adolescentem,
673 2631 753 2704 Deo
774 2641 812 2704 et
833 2633 901 2705 toti
923 2632 1061 2704 mundo
1079 2631 1275 2727 gratiosum
1292 2633 1332 2705 in

378 2748 492 2844 patris
520 2745 766 2820 successorem
794 2747 1065 2842 promptissime
1095 2747 1333 2835 admiserunt,

377 2874 486 2962 atque
506 2865 624 2962 prima
646 2863 703 2936 die
720 2863 906 2934 Februarii
927 2863 1025 2959 apud
1042 2863 1331 2937 Westmonaste-

378 2982 486 3068 rium,
504 3005 571 3076 per
586 2979 898 3074 archiepiscopum
917 2979 1215 3052 Cantuariensem
1229 2980 1331 3053 Wal-

378 3107 497 3170 terum
523 3095 684 3168 Renalde
707 3093 873 3166 coronari
895 3093 1071 3167 fecerunt.
1123 3094 1250 3168 Tantae
1273 3120 1331 3169 so-

377 3212 556 3285 lemnitati
595 3208 838 3282 interfuerunt
870 3208 978 3280 multi
1012 3218 1087 3281 tam
1122 3210 1331 3307 alienigenae

378 3353 487 3425 quam
513 3326 702 3422 indigena,
731 3333 767 3397 et
796 3324 978 3421 praecipue
1003 3323 1227 3419 stipendiarii
1257 3328 1331 3400 Isa-

378 3446 479 3517 bellae
503 3443 634 3538 reginae
658 3441 784 3515 matris
807 3464 893 3528 suae,
912 3463 1015 3536 quos,
1035 3451 1078 3514 ut
1101 3441 1241 3515 dictum
1263 3453 1331 3530 est,

378 3560 423 3633 de
445 3559 615 3648 Hanonia
636 3567 672 3632 et
695 3556 893 3631 Germania
917 3557 997 3653 ipsa
1021 3557 1200 3630 invitavit.
1252 3557 1333 3632 No-

376 3701 446 3749 vus
472 3677 593 3772 itaque
619 3701 683 3749 rex
708 3676 806 3772 regia
832 3698 966 3748 corona
991 3674 1198 3769 insignitus,
1220 3699 1329 3770 quam

377 3793 607 3866 beatissimus
633 3792 818 3867 confessor
843 3800 991 3866 sanetus
1016 3790 1215 3864 Edwardus
1242 3813 1330 3865 suus

253 3933 257 3940 ’
377 3911 620 4007 praedecessor
654 3919 794 4006 gestare
828 3910 976 3996 solebat,
1009 3917 1330 4005 quantumcunque

378 4027 497 4124 gravis
514 4026 686 4124 ponderis
708 4037 745 4098 et
770 4027 940 4122 amplam,
959 4033 1082 4098 tamen
1106 4025 1157 4096 ita
1179 4021 1331 4096 viriliter

377 4145 495 4241 ipsam
512 4144 634 4240 gessit,
652 4151 695 4216 ut
719 4143 803 4214 inde
827 4143 1046 4216 mirarentur
1062 4141 1124 4236 qui
1149 4141 1252 4236 pueri
1277 4150 1330 4214 te-

377 4263 619 4336 neritudinem
654 4270 690 4334 et
725 4260 1010 4357 amplitudinem.
1030 4281 1184 4344 coronae,
1215 4267 1324 4354 atque
