3118 5008
246 655 460 744 n.u.l343.]
502 677 547 724 nu
568 675 694 723 annua
713 675 760 722 uu
780 629 1020 722 swmnnorrn.
1129 649 1198 722 153

250 803 348 876 dedit
370 801 636 900 possidendam,
656 810 692 873 et
715 824 835 895 regem
861 800 959 872 illius
984 809 1088 872 terrae
1113 799 1199 872 lecit

250 919 369 1014 ipsum
395 918 569 1015 appellari
596 925 703 1012 atque
731 915 907 989 coronari.
961 915 1042 987 Rex
1069 915 1198 989 deinde
1260 916 1275 938 ⁸

249 1036 295 1107 ad
314 1045 436 1131 partes
456 1058 621 1106 reversus
636 1034 830 1118 *australem
849 1033 1033 1128 egregium
1056 1042 1199 1105 tornea·

248 1161 414 1222 mentum
452 1150 550 1246 apud
590 1149 795 1242 Dunstaple
829 1149 1076 1234 solennizavit,
1112 1173 1198 1220 cum

249 1266 415 1338 ducentis
441 1274 478 1337 et
503 1263 652 1359 triginta
676 1261 865 1346 militibus,
888 1270 925 1334 et
950 1262 1078 1335 eodem
1103 1287 1198 1336 anno

248 1405 366 1454 unum
390 1380 539 1453 bourdis
569 1379 667 1474 apud
694 1375 974 1473 Norbamptone
1007 1377 1085 1450 fieri
1118 1403 1198 1474 per·
1300 1399 1303 1404 ·

244 1497 359 1569 misit.
414 1497 509 1569 Item
542 1496 581 1567 in
614 1495 851 1591 parliamento
886 1495 984 1590 apud
1014 1495 1199 1568 Westmo-

137 1645 138 1648 ¹
249 1613 448 1686 nasterium
476 1613 666 1698 celebrato,
697 1611 866 1684 dominus
893 1611 1054 1684 loannes
1084 1612 1199 1684 archi-

247 1729 441 1825 vepiscopus
465 1727 749 1812 cantuariensis,
776 1727 845 1799 fuit
872 1727 948 1823 regi
973 1727 1198 1815 conciliatus

245 1836 380 1920 coram
397 1870 469 1941 quo
494 1846 531 1917 in
557 1843 795 1940 parliamento
821 1868 897 1915 non
922 1853 1108 1939 tamquam
1134 1869 1199 1916 suo

142 2041 145 2045 Α
246 1959 373 2053 judice
388 1959 568 2032 ordinario
587 1959 736 2055 juravit,
755 1960 853 2055 quod
876 1960 1041 2054 quamvis
1065 1960 1109 2032 de
1132 1983 1198 2031 suo

211 2169 213 2173 Α
249 2076 400 2147 consilio
417 2086 454 2148 et
471 2099 621 2149 assensu
638 2100 701 2148 rex
719 2086 873 2171 tyranno
891 2075 1114 2150 Francorum
1131 2101 1198 2172 pro

250 2191 385 2264 ducatu
401 2191 607 2286 Aquitaniae
625 2201 661 2264 et
680 2185 855 2263 comitatu
871 2190 1049 2263 Pontiniae
1065 2191 1200 2264 fecerat

249 2307 471 2402 homagium,
490 2308 537 2378 ad
559 2307 630 2378 hoc
655 2315 779 2378 tamen
804 2330 991 2399 nunquam
1017 2308 1200 2381 consensit

250 2431 422 2517 tanquam
438 2421 477 2492 in
494 2421 590 2524 regis
608 2420 870 2516 praejudicium,
890 2444 957 2493 nec
980 2429 1022 2492 ut
1045 2430 1199 2517 tyranno

249 2537 472 2608 Francorum
523 2536 733 2629 hujusmodi
775 2535 966 2608 consilium
1009 2537 1201 2631 praebendo

250 2653 420 2748 placeret,
443 2652 506 2723 sed
532 2651 616 2744 quia
640 2675 708 2746 pro
734 2660 824 2722 tunc
849 2650 919 2723 hoc
944 2651 1087 2747 putavit
1114 2675 1200 2723 con-

245 2767 381 2840 sultius
411 2767 614 2840 faciendum
645 2791 711 2862 pro
741 2789 830 2861 pace
860 2775 896 2837 et
924 2765 1081 2837 utilitate
1107 2767 1201 2862 regis

251 2893 287 2956 et
315 2883 426 2978 regni.
479 2883 567 2955 Post
592 2883 807 2978 praedictum
832 2881 1112 2977 parliamentum
1138 2907 1200 2954 rex

250 2999 336 3073 fecit
361 3000 485 3073 incudi
507 3024 653 3072 auream
673 3008 857 3071 monetam
880 2999 1033 3094 triplicis
1055 2999 1199 3088 valoris,

251 3116 388 3188 scilicet
411 3117 599 3188 denarium
621 3115 642 3186 6
665 3115 865 3187 solidorum
891 3124 928 3186 et
952 3124 1036 3187 octo
1062 3116 1200 3188 denari-

251 3257 367 3318 orum,
394 3234 543 3305 obolum
569 3233 618 3304 40
644 3232 875 3305 denariorum
900 3241 937 3304 et
964 3234 1201 3328 quadrantem
1248 3223 1250 3228 ’

252 3349 301 3420 20
317 3350 556 3421 denariorum.
1041 3439 1043 3446 s

301 3463 449 3535 ANNO
466 3464 617 3536 Domini
637 3464 745 3550 1343,
765 3465 858 3560 regis
876 3465 1016 3560 Angliae
1039 3464 1094 3552 17,
1121 3467 1201 3538 reli-

252 3577 343 3672 giosi
369 3579 624 3672 possessionati
650 3580 695 3651 ad
719 3603 844 3675 preces
871 3581 1072 3653 amicorum
1094 3582 1200 3676 regis,

252 3693 362 3764 libere
392 3694 623 3765 contulerunt
656 3694 690 3765 ei
722 3694 762 3764 ln
791 3684 1066 3767 subventionem
1093 3697 1201 3790 justae

252 3832 390 3902 guerrae
407 3831 481 3880 suae
495 3808 627 3902 jocalia
642 3809 811 3903 pretiosa,
831 3833 939 3882 aurea
961 3821 998 3883 et
1020 3822 1200 3907 argentea,

247 3947 364 4020 equos
394 3933 431 3996 et
460 3923 572 4018 bigas,
602 3933 710 4019 atque
738 3925 939 4020 quadrigae,
967 3927 1075 3998 unde¹
1091 3951 1199 3998 suum

219 4118 223 4127 ¹
253 4039 418 4110 aerarium
451 4040 610 4111 multum
643 4039 850 4113 notabiliter
883 4040 999 4112 firerat
1033 4039 1198 4110 ditatum.

249 4145 391 4224 'Eodem
410 4179 504 4226 anno
527 4155 821 4228 committebatur
843 4153 1085 4227 esceatoribus
1108 4153 1201 4246 regis

251 4267 430 4361 inquirere
454 4279 490 4342 ct
513 4270 709 4342 certificare
733 4269 927 4341 concilium
952 4267 1043 4361 regis
1067 4267 1128 4362 qui
1154 4268 1200 4340 ad
