<?xml version="1.0" encoding="UTF-8"?>
<!DOCTYPE html PUBLIC "-//W3C//DTD XHTML 1.0 Transitional//EN"
    "http://www.w3.org/TR/xhtml1/DTD/xhtml1-transitional.dtd">
<html xmlns="http://www.w3.org/1999/xhtml" xml:lang="en" lang="en">
 <head>
  <title>
</title>
<meta http-equiv="Content-Type" content="text/html;charset=utf-8" />
  <meta name='ocr-system' content='tesseract 3.04.00' />
  <meta name='ocr-capabilities' content='ocr_page ocr_carea ocr_par ocr_line ocrx_word'/>
</head>
<body>
  <div class='ocr_page' id='page_1' title='image "./galfridilebaker00gilegoog_0221.png"; bbox 0 0 3110 5026; ppageno 0'>
   <div class='ocr_carea' id='block_1_1' title="bbox 251 674 1202 768">
    <p class='ocr_par' dir='ltr' id='par_1_1' title="bbox 251 674 1202 768">
     <span class='ocr_line' id='line_1_1' title="bbox 251 674 1202 768; baseline 0 -20"><span class='ocrx_word' id='word_1_1' title='bbox 251 699 326 750; x_wconf 68' lang='lat' dir='ltr'>ao.</span> <span class='ocrx_word' id='word_1_2' title='bbox 340 677 463 768; x_wconf 64' lang='lat'>1352]</span> <span class='ocrx_word' id='word_1_3' title='bbox 507 699 551 747; x_wconf 82' lang='lat' dir='ltr'>nn</span> <span class='ocrx_word' id='word_1_4' title='bbox 571 699 698 748; x_wconf 75' lang='lat' dir='ltr'>sanna</span> <span class='ocrx_word' id='word_1_5' title='bbox 717 699 764 747; x_wconf 86' lang='lat' dir='ltr'>nn</span> <span class='ocrx_word' id='word_1_6' title='bbox 784 698 1025 749; x_wconf 80' lang='lat' dir='ltr'>swmnaonn.</span> <span class='ocrx_word' id='word_1_7' title='bbox 1129 674 1202 748; x_wconf 85' lang='lat'>217</span> 
     </span>
    </p>
   </div>
   <div class='ocr_carea' id='block_1_2' title="bbox 239 826 1211 4188">
    <p class='ocr_par' dir='ltr' id='par_1_2' title="bbox 239 826 1211 4188">
     <span class='ocr_line' id='line_1_2' title="bbox 249 826 1206 923; baseline -0.004 -21"><span class='ocrx_word' id='word_1_8' title='bbox 249 837 410 902; x_wconf 82' lang='lat' dir='ltr'><strong>castrum</strong></span> <span class='ocrx_word' id='word_1_9' title='bbox 438 829 565 901; x_wconf 85' lang='lat' dir='ltr'>venale</span> <span class='ocrx_word' id='word_1_10' title='bbox 594 851 662 923; x_wconf 92' lang='lat' dir='ltr'>pro</span> <span class='ocrx_word' id='word_1_11' title='bbox 696 827 753 900; x_wconf 91' lang='lat' dir='ltr'>sui</span> <span class='ocrx_word' id='word_1_12' title='bbox 787 851 877 923; x_wconf 83' lang='lat' dir='ltr'>pace</span> <span class='ocrx_word' id='word_1_13' title='bbox 910 836 1019 923; x_wconf 87' lang='lat' dir='ltr'>atque</span> <span class='ocrx_word' id='word_1_14' title='bbox 1054 826 1206 923; x_wconf 84' lang='lat' dir='ltr'>pacifica</span> 
     </span>
     <span class='ocr_line' id='line_1_3' title="bbox 249 943 1204 1040; baseline -0.004 -22"><span class='ocrx_word' id='word_1_15' title='bbox 249 946 477 1019; x_wconf 82' lang='lat' dir='ltr'>revocatione</span> <span class='ocrx_word' id='word_1_16' title='bbox 495 946 539 1018; x_wconf 91' lang='lat' dir='ltr'>ab</span> <span class='ocrx_word' id='word_1_17' title='bbox 558 944 678 1032; x_wconf 90' lang='lat' dir='ltr'>exilio,</span> <span class='ocrx_word' id='word_1_18' title='bbox 697 945 760 1040; x_wconf 93' lang='lat' dir='ltr'>qui</span> <span class='ocrx_word' id='word_1_19' title='bbox 777 945 809 1017; x_wconf 91' lang='lat' dir='ltr'>si</span> <span class='ocrx_word' id='word_1_20' title='bbox 826 945 939 1017; x_wconf 89' lang='lat' dir='ltr'>nollet</span> <span class='ocrx_word' id='word_1_21' title='bbox 960 943 1052 1016; x_wconf 93' lang='lat' dir='ltr'>illud</span> <span class='ocrx_word' id='word_1_22' title='bbox 1072 965 1204 1030; x_wconf 89' lang='lat' dir='ltr'>emere,</span> 
     </span>
     <span class='ocr_line' id='line_1_4' title="bbox 241 1059 1204 1158; baseline 0.002 -28"><span class='ocrx_word' id='word_1_23' title='bbox 241 1063 342 1158; x_wconf 85' lang='lat' dir='ltr'>regis</span> <span class='ocrx_word' id='word_1_24' title='bbox 372 1063 533 1136; x_wconf 82' lang='lat' dir='ltr'>Franciae</span> <span class='ocrx_word' id='word_1_25' title='bbox 568 1069 631 1132; x_wconf 88' lang='lat' dir='ltr'>aut</span> <span class='ocrx_word' id='word_1_26' title='bbox 666 1061 928 1156; x_wconf 90' lang='lat' dir='ltr'>cujuscumque</span> <span class='ocrx_word' id='word_1_27' title='bbox 959 1059 1204 1134; x_wconf 90' lang='lat' dir='ltr'>abundantius</span> 
     </span>
     <span class='ocr_line' id='line_1_5' title="bbox 247 1179 1203 1276; baseline 0 -24"><span class='ocrx_word' id='word_1_28' title='bbox 247 1181 432 1253; x_wconf 87' lang='lat' dir='ltr'>offerentis</span> <span class='ocrx_word' id='word_1_29' title='bbox 460 1202 527 1276; x_wconf 93' lang='lat' dir='ltr'>pro</span> <span class='ocrx_word' id='word_1_30' title='bbox 556 1179 619 1252; x_wconf 94' lang='lat' dir='ltr'>illo</span> <span class='ocrx_word' id='word_1_31' title='bbox 646 1180 806 1275; x_wconf 90' lang='lat' dir='ltr'>pretium</span> <span class='ocrx_word' id='word_1_32' title='bbox 832 1181 1083 1253; x_wconf 86' lang='lat' dir='ltr'>conventionis</span> <span class='ocrx_word' id='word_1_33' title='bbox 1113 1180 1203 1254; x_wconf 90' lang='lat' dir='ltr'>reci-</span> 
     </span>
     <span class='ocr_line' id='line_1_6' title="bbox 247 1279 1204 1393; baseline 0.001 -25"><span class='ocrx_word' id='word_1_34' title='bbox 247 1305 377 1393; x_wconf 91' lang='lat' dir='ltr'>perent</span> <span class='ocrx_word' id='word_1_35' title='bbox 396 1295 560 1367; x_wconf 80' lang='lat' dir='ltr'>libenter.</span> <span class='ocrx_word' id='word_1_36' title='bbox 615 1279 766 1368; x_wconf 85' lang='lat' dir='ltr'>Talibus</span> <span class='ocrx_word' id='word_1_37' title='bbox 783 1296 915 1369; x_wconf 85' lang='lat' dir='ltr'>comite</span> <span class='ocrx_word' id='word_1_38' title='bbox 933 1305 1119 1382; x_wconf 89' lang='lat' dir='ltr'>evacuato,</span> <span class='ocrx_word' id='word_1_39' title='bbox 1139 1320 1204 1370; x_wconf 87' lang='lat' dir='ltr'>rex</span> 
     </span>
     <span class='ocr_line' id='line_1_7' title="bbox 248 1411 1204 1509; baseline -0.001 -24"><span class='ocrx_word' id='word_1_40' title='bbox 248 1412 390 1509; x_wconf 85' lang='lat' dir='ltr'>Angliae</span> <span class='ocrx_word' id='word_1_41' title='bbox 420 1421 580 1485; x_wconf 88' lang='lat' dir='ltr'>castrum</span> <span class='ocrx_word' id='word_1_42' title='bbox 610 1435 734 1484; x_wconf 89' lang='lat' dir='ltr'>revera</span> <span class='ocrx_word' id='word_1_43' title='bbox 767 1412 1011 1485; x_wconf 86' lang='lat' dir='ltr'>desideratum</span> <span class='ocrx_word' id='word_1_44' title='bbox 1045 1411 1133 1484; x_wconf 89' lang='lat' dir='ltr'>emit</span> <span class='ocrx_word' id='word_1_45' title='bbox 1167 1420 1204 1484; x_wconf 89' lang='lat' dir='ltr'>et</span> 
     </span>
     <span class='ocr_line' id='line_1_8' title="bbox 247 1525 1203 1624; baseline 0 -24"><span class='ocrx_word' id='word_1_46' title='bbox 247 1527 452 1624; x_wconf 85' lang='lat' dir='ltr'>occupavit.</span> <span class='ocrx_word' id='word_1_47' title='bbox 506 1527 610 1600; x_wconf 86' lang='lat' dir='ltr'><strong>Istud</strong></span> <span class='ocrx_word' id='word_1_48' title='bbox 636 1527 855 1601; x_wconf 78' lang='lat' dir='ltr'>fortalicium</span> <span class='ocrx_word' id='word_1_49' title='bbox 881 1528 1019 1601; x_wconf 85' lang='lat' dir='ltr'>solebat</span> <span class='ocrx_word' id='word_1_50' title='bbox 1041 1525 1203 1623; x_wconf 85' lang='lat' dir='ltr'>Anglicis</span> 
     </span>
     <span class='ocr_line' id='line_1_9' title="bbox 239 1644 1203 1742; baseline -0.001 -25"><span class='ocrx_word' id='word_1_51' title='bbox 239 1645 418 1724; x_wconf 16' lang='lat' dir='ltr'>*obturare</span> <span class='ocrx_word' id='word_1_52' title='bbox 447 1644 544 1718; x_wconf 92' lang='lat' dir='ltr'>viam</span> <span class='ocrx_word' id='word_1_53' title='bbox 577 1645 616 1716; x_wconf 91' lang='lat' dir='ltr'>in</span> <span class='ocrx_word' id='word_1_54' title='bbox 650 1645 805 1741; x_wconf 87' lang='lat' dir='ltr'>patriam</span> <span class='ocrx_word' id='word_1_55' title='bbox 840 1645 1076 1742; x_wconf 88' lang='lat' dir='ltr'>superiorem,</span> <span class='ocrx_word' id='word_1_56' title='bbox 1111 1668 1203 1740; x_wconf 86' lang='lat' dir='ltr'>prae-</span> 
     </span>
     <span class='ocr_line' id='line_1_10' title="bbox 247 1744 1203 1858; baseline 0.001 -25"><span class='ocrx_word' id='word_1_57' title='bbox 247 1744 343 1834; x_wconf 84' lang='lat' dir='ltr'>bens¹</span> <span class='ocrx_word' id='word_1_58' title='bbox 375 1761 519 1858; x_wconf 85' lang='lat' dir='ltr'>patriae.</span> <span class='ocrx_word' id='word_1_59' title='bbox 541 1784 709 1857; x_wconf 83' lang='lat' dir='ltr'>magnam</span> <span class='ocrx_word' id='word_1_60' title='bbox 743 1762 974 1835; x_wconf 85' lang='lat' dir='ltr'>securitatem</span> <span class='ocrx_word' id='word_1_61' title='bbox 1008 1785 1029 1834; x_wconf 91' lang='lat' dir='ltr'>a</span> <span class='ocrx_word' id='word_1_62' title='bbox 1062 1760 1203 1834; x_wconf 86' lang='lat' dir='ltr'>forariis</span> 
     </span>
     <span class='ocr_line' id='line_1_11' title="bbox 248 1876 1203 1975; baseline 0 -25"><span class='ocrx_word' id='word_1_63' title='bbox 248 1878 409 1950; x_wconf 82' lang='lat' dir='ltr'>Calesiae.</span> <span class='ocrx_word' id='word_1_64' title='bbox 463 1877 601 1952; x_wconf 91' lang='lat' dir='ltr'>Volens</span> <span class='ocrx_word' id='word_1_65' title='bbox 627 1877 737 1975; x_wconf 84' lang='lat' dir='ltr'>igitur</span> <span class='ocrx_word' id='word_1_66' title='bbox 763 1879 955 1952; x_wconf 90' lang='lat' dir='ltr'>concilium</span> <span class='ocrx_word' id='word_1_67' title='bbox 979 1876 1203 1951; x_wconf 86' lang='lat' dir='ltr'>Francorum</span> 
     </span>
     <span class='ocr_line' id='line_1_12' title="bbox 247 1993 1203 2093; baseline 0.002 -28"><span class='ocrx_word' id='word_1_68' title='bbox 247 1995 370 2068; x_wconf 89' lang='lat' dir='ltr'>locum</span> <span class='ocrx_word' id='word_1_69' title='bbox 395 1995 500 2068; x_wconf 91' lang='lat' dir='ltr'>illum</span> <span class='ocrx_word' id='word_1_70' title='bbox 525 1995 708 2080; x_wconf 86' lang='lat' dir='ltr'>rehabere,</span> <span class='ocrx_word' id='word_1_71' title='bbox 726 2001 790 2068; x_wconf 89' lang='lat' dir='ltr'>aut</span> <span class='ocrx_word' id='word_1_72' title='bbox 817 1995 915 2069; x_wconf 83' lang='lat' dir='ltr'>aliud</span> <span class='ocrx_word' id='word_1_73' title='bbox 942 1994 1105 2093; x_wconf 90' lang='lat' dir='ltr'>ejusdem</span> <span class='ocrx_word' id='word_1_74' title='bbox 1131 1993 1203 2068; x_wconf 91' lang='lat' dir='ltr'>uti-</span> 
     </span>
     <span class='ocr_line' id='line_1_13' title="bbox 248 2109 1201 2208; baseline 0 -27"><span class='ocrx_word' id='word_1_75' title='bbox 248 2111 359 2184; x_wconf 86' lang='lat' dir='ltr'>litatis</span> <span class='ocrx_word' id='word_1_76' title='bbox 402 2111 577 2184; x_wconf 86' lang='lat' dir='ltr'>aedificare</span> <span class='ocrx_word' id='word_1_77' title='bbox 611 2135 678 2207; x_wconf 92' lang='lat' dir='ltr'>pro</span> <span class='ocrx_word' id='word_1_78' title='bbox 713 2111 867 2185; x_wconf 89' lang='lat' dir='ltr'>tuitione</span> <span class='ocrx_word' id='word_1_79' title='bbox 901 2112 1026 2208; x_wconf 81' lang='lat' dir='ltr'>patriae</span> <span class='ocrx_word' id='word_1_80' title='bbox 1060 2109 1201 2198; x_wconf 88' lang='lat' dir='ltr'>vicinae,</span> 
     </span>
     <span class='ocr_line' id='line_1_14' title="bbox 247 2225 1202 2325; baseline 0.002 -27"><span class='ocrx_word' id='word_1_81' title='bbox 247 2227 426 2299; x_wconf 90' lang='lat' dir='ltr'>miserunt</span> <span class='ocrx_word' id='word_1_82' title='bbox 461 2225 667 2299; x_wconf 83' lang='lat' dir='ltr'>Galfridum</span> <span class='ocrx_word' id='word_1_83' title='bbox 709 2227 754 2299; x_wconf 90' lang='lat' dir='ltr'>de</span> <span class='ocrx_word' id='word_1_84' title='bbox 798 2226 945 2325; x_wconf 88' lang='lat' dir='ltr'>Charny</span> <span class='ocrx_word' id='word_1_85' title='bbox 987 2252 1104 2324; x_wconf 89' lang='lat' dir='ltr'>nuper</span> <span class='ocrx_word' id='word_1_86' title='bbox 1146 2251 1202 2300; x_wconf 91' lang='lat' dir='ltr'>re·</span> 
     </span>
     <span class='ocr_line' id='line_1_15' title="bbox 248 2341 1202 2438; baseline 0 -24"><span class='ocrx_word' id='word_1_87' title='bbox 248 2343 440 2438; x_wconf 89' lang='lat' dir='ltr'>dempturn</span> <span class='ocrx_word' id='word_1_88' title='bbox 474 2344 519 2414; x_wconf 90' lang='lat' dir='ltr'>de</span> <span class='ocrx_word' id='word_1_89' title='bbox 553 2364 696 2413; x_wconf 90' lang='lat' dir='ltr'>carcere</span> <span class='ocrx_word' id='word_1_90' title='bbox 725 2341 932 2436; x_wconf 85' lang='lat' dir='ltr'>Anglorum</span> <span class='ocrx_word' id='word_1_91' title='bbox 961 2365 1046 2414; x_wconf 92' lang='lat' dir='ltr'>curn</span> <span class='ocrx_word' id='word_1_92' title='bbox 1077 2351 1202 2414; x_wconf 87' lang='lat' dir='ltr'>aucto-</span> 
     </span>
     <span class='ocr_line' id='line_1_16' title="bbox 248 2456 1203 2555; baseline 0.001 -24"><span class='ocrx_word' id='word_1_93' title='bbox 248 2459 354 2542; x_wconf 87' lang='lat' dir='ltr'>ritate</span> <span class='ocrx_word' id='word_1_94' title='bbox 387 2456 542 2555; x_wconf 75' lang='lat' dir='ltr'>faciendi</span> <span class='ocrx_word' id='word_1_95' title='bbox 571 2480 651 2552; x_wconf 87' lang='lat' dir='ltr'>quae</span> <span class='ocrx_word' id='word_1_96' title='bbox 683 2466 890 2553; x_wconf 87' lang='lat' dir='ltr'>sequantur.</span> <span class='ocrx_word' id='word_1_97' title='bbox 939 2457 1203 2532; x_wconf 80' lang='lat' dir='ltr'>itinerantibus</span> 
     </span>
     <span class='ocr_line' id='line_1_17' title="bbox 248 2572 1203 2670; baseline 0.002 -24"><span class='ocrx_word' id='word_1_98' title='bbox 248 2575 294 2646; x_wconf 89' lang='lat' dir='ltr'>de</span> <span class='ocrx_word' id='word_1_99' title='bbox 322 2572 446 2670; x_wconf 89' lang='lat' dir='ltr'>Gynes</span> <span class='ocrx_word' id='word_1_100' title='bbox 476 2573 522 2646; x_wconf 87' lang='lat' dir='ltr'>ad</span> <span class='ocrx_word' id='word_1_101' title='bbox 552 2572 732 2646; x_wconf 88' lang='lat' dir='ltr'>Calesiam</span> <span class='ocrx_word' id='word_1_102' title='bbox 762 2583 839 2647; x_wconf 90' lang='lat' dir='ltr'>erat</span> <span class='ocrx_word' id='word_1_103' title='bbox 869 2573 1016 2670; x_wconf 92' lang='lat' dir='ltr'>quidem</span> <span class='ocrx_word' id='word_1_104' title='bbox 1048 2575 1151 2648; x_wconf 89' lang='lat' dir='ltr'>locus</span> <span class='ocrx_word' id='word_1_105' title='bbox 1182 2599 1203 2648; x_wconf 92' lang='lat' dir='ltr'>a</span> 
     </span>
     <span class='ocr_line' id='line_1_18' title="bbox 249 2689 1201 2778; baseline 0 -14"><span class='ocrx_word' id='word_1_106' title='bbox 249 2691 404 2764; x_wconf 84' lang='lat' dir='ltr'>sinistris</span> <span class='ocrx_word' id='word_1_107' title='bbox 431 2689 535 2765; x_wconf 83' lang='lat' dir='ltr'>fortis</span> <span class='ocrx_word' id='word_1_108' title='bbox 563 2690 626 2764; x_wconf 92' lang='lat' dir='ltr'>sed</span> <span class='ocrx_word' id='word_1_109' title='bbox 654 2691 818 2778; x_wconf 88' lang='lat' dir='ltr'>devotus,</span> <span class='ocrx_word' id='word_1_110' title='bbox 847 2691 984 2764; x_wconf 91' lang='lat' dir='ltr'>habens</span> <span class='ocrx_word' id='word_1_111' title='bbox 1015 2690 1201 2764; x_wconf 85' lang='lat' dir='ltr'>ecclesiam</span> 
     </span>
     <span class='ocr_line' id='line_1_19' title="bbox 248 2805 1200 2904; baseline -0.001 -23"><span class='ocrx_word' id='word_1_112' title='bbox 248 2809 287 2881; x_wconf 91' lang='lat' dir='ltr'>in</span> <span class='ocrx_word' id='word_1_113' title='bbox 320 2832 393 2904; x_wconf 93' lang='lat' dir='ltr'>qua</span> <span class='ocrx_word' id='word_1_114' title='bbox 425 2808 585 2904; x_wconf 84' lang='lat' dir='ltr'>virgines</span> <span class='ocrx_word' id='word_1_115' title='bbox 619 2818 837 2882; x_wconf 85' lang='lat' dir='ltr'>consecratae</span> <span class='ocrx_word' id='word_1_116' title='bbox 872 2808 1075 2882; x_wconf 88' lang='lat' dir='ltr'>servierunt</span> <span class='ocrx_word' id='word_1_117' title='bbox 1107 2805 1200 2896; x_wconf 89' lang='lat' dir='ltr'>Dec,</span> 
     </span>
     <span class='ocr_line' id='line_1_20' title="bbox 247 2921 1202 3021; baseline -0.001 -23"><span class='ocrx_word' id='word_1_118' title='bbox 247 2933 285 2998; x_wconf 91' lang='lat' dir='ltr'>et</span> <span class='ocrx_word' id='word_1_119' title='bbox 306 2925 505 3021; x_wconf 86' lang='lat' dir='ltr'>vocabatur</span> <span class='ocrx_word' id='word_1_120' title='bbox 528 2923 721 3012; x_wconf 82' lang='lat' dir='ltr'>Lawascie,</span> <span class='ocrx_word' id='word_1_121' title='bbox 741 2933 777 2997; x_wconf 91' lang='lat' dir='ltr'>et</span> <span class='ocrx_word' id='word_1_122' title='bbox 800 2925 852 2997; x_wconf 90' lang='lat' dir='ltr'>ita</span> <span class='ocrx_word' id='word_1_123' title='bbox 873 2931 992 2998; x_wconf 90' lang='lat' dir='ltr'>castro</span> <span class='ocrx_word' id='word_1_124' title='bbox 1015 2923 1059 2996; x_wconf 92' lang='lat' dir='ltr'>de</span> <span class='ocrx_word' id='word_1_125' title='bbox 1077 2921 1202 3020; x_wconf 88' lang='lat' dir='ltr'>Gynes</span> 
     </span>
     <span class='ocr_line' id='line_1_21' title="bbox 248 3040 1203 3142; baseline -0.002 -27"><span class='ocrx_word' id='word_1_126' title='bbox 248 3041 366 3115; x_wconf 82' lang='lat' dir='ltr'>suerat</span> <span class='ocrx_word' id='word_1_127' title='bbox 390 3040 522 3129; x_wconf 88' lang='lat' dir='ltr'>vicina,</span> <span class='ocrx_word' id='word_1_128' title='bbox 541 3041 639 3136; x_wconf 91' lang='lat' dir='ltr'>quod</span> <span class='ocrx_word' id='word_1_129' title='bbox 665 3050 802 3115; x_wconf 86' lang='lat' dir='ltr'>stantes</span> <span class='ocrx_word' id='word_1_130' title='bbox 820 3041 966 3142; x_wconf 74' lang='lat' dir='ltr'>Anglici</span> <span class='ocrx_word' id='word_1_131' title='bbox 992 3049 1094 3113; x_wconf 85' lang='lat' dir='ltr'>extra</span> <span class='ocrx_word' id='word_1_132' title='bbox 1117 3065 1203 3137; x_wconf 92' lang='lat' dir='ltr'>por-</span> 
     </span>
     <span class='ocr_line' id='line_1_22' title="bbox 248 3157 1202 3255; baseline -0.001 -22"><span class='ocrx_word' id='word_1_133' title='bbox 248 3170 324 3233; x_wconf 90' lang='lat' dir='ltr'>tam</span> <span class='ocrx_word' id='word_1_134' title='bbox 350 3183 424 3233; x_wconf 86' lang='lat' dir='ltr'>suae</span> <span class='ocrx_word' id='word_1_135' title='bbox 450 3157 673 3245; x_wconf 70' lang='lat' dir='ltr'>munitionis</span> <span class='ocrx_word' id='word_1_136' title='bbox 702 3168 869 3255; x_wconf 87' lang='lat' dir='ltr'>poterant</span> <span class='ocrx_word' id='word_1_137' title='bbox 896 3158 941 3230; x_wconf 91' lang='lat' dir='ltr'>ad</span> <span class='ocrx_word' id='word_1_138' title='bbox 968 3158 1067 3230; x_wconf 86' lang='lat' dir='ltr'>illam</span> <span class='ocrx_word' id='word_1_139' title='bbox 1093 3157 1202 3254; x_wconf 85' lang='lat' dir='ltr'>sagit-</span> 
     </span>
     <span class='ocr_line' id='line_1_23' title="bbox 247 3275 1203 3372; baseline -0.002 -24"><span class='ocrx_word' id='word_1_140' title='bbox 247 3285 335 3350; x_wconf 88' lang='lat' dir='ltr'>tare.</span> <span class='ocrx_word' id='word_1_141' title='bbox 390 3275 487 3349; x_wconf 91' lang='lat' dir='ltr'>Illud</span> <span class='ocrx_word' id='word_1_142' title='bbox 508 3275 768 3348; x_wconf 87' lang='lat' dir='ltr'>monasterium</span> <span class='ocrx_word' id='word_1_143' title='bbox 790 3275 942 3349; x_wconf 83' lang='lat' dir='ltr'>faciliter</span> <span class='ocrx_word' id='word_1_144' title='bbox 962 3283 1104 3372; x_wconf 88' lang='lat' dir='ltr'>poterat</span> <span class='ocrx_word' id='word_1_145' title='bbox 1124 3275 1203 3348; x_wconf 90' lang='lat' dir='ltr'>fieri</span> 
     </span>
     <span class='ocr_line' id='line_1_24' title="bbox 245 3391 1203 3480; baseline -0.001 -16"><span class='ocrx_word' id='word_1_146' title='bbox 245 3393 476 3480; x_wconf 83' lang='lat' dir='ltr'>defensabile,</span> <span class='ocrx_word' id='word_1_147' title='bbox 501 3392 628 3465; x_wconf 88' lang='lat' dir='ltr'>habuit</span> <span class='ocrx_word' id='word_1_148' title='bbox 653 3392 751 3464; x_wconf 92' lang='lat' dir='ltr'>enim</span> <span class='ocrx_word' id='word_1_149' title='bbox 777 3392 823 3464; x_wconf 92' lang='lat' dir='ltr'>ad</span> <span class='ocrx_word' id='word_1_150' title='bbox 848 3391 963 3465; x_wconf 90' lang='lat' dir='ltr'>instar</span> <span class='ocrx_word' id='word_1_151' title='bbox 988 3392 1096 3464; x_wconf 86' lang='lat' dir='ltr'>castri</span> <span class='ocrx_word' id='word_1_152' title='bbox 1121 3415 1203 3463; x_wconf 91' lang='lat' dir='ltr'>mu·</span> 
     </span>
     <span class='ocr_line' id='line_1_25' title="bbox 247 3501 1203 3604; baseline 0 -24"><span class='ocrx_word' id='word_1_153' title='bbox 247 3531 308 3582; x_wconf 88' lang='lat' dir='ltr'>ros</span> <span class='ocrx_word' id='word_1_154' title='bbox 331 3518 482 3595; x_wconf 88' lang='lat' dir='ltr'>erectos,</span> <span class='ocrx_word' id='word_1_155' title='bbox 502 3517 539 3580; x_wconf 90' lang='lat' dir='ltr'>et</span> <span class='ocrx_word' id='word_1_156' title='bbox 562 3508 691 3580; x_wconf 89' lang='lat' dir='ltr'>turrim</span> <span class='ocrx_word' id='word_1_157' title='bbox 715 3508 864 3580; x_wconf 88' lang='lat' dir='ltr'>arduam</span> <span class='ocrx_word' id='word_1_158' title='bbox 891 3516 928 3581; x_wconf 92' lang='lat' dir='ltr'>et</span> <span class='ocrx_word' id='word_1_159' title='bbox 953 3501 1121 3604; x_wconf 88' lang='lat' dir='ltr'>amplam</span> <span class='ocrx_word' id='word_1_160' title='bbox 1136 3531 1203 3603; x_wconf 94' lang='lat' dir='ltr'>pro</span> 
     </span>
     <span class='ocr_line' id='line_1_26' title="bbox 246 3623 1203 3720; baseline -0.001 -23"><span class='ocrx_word' id='word_1_161' title='bbox 246 3624 455 3720; x_wconf 87' lang='lat' dir='ltr'>campanili,</span> <span class='ocrx_word' id='word_1_162' title='bbox 479 3623 607 3695; x_wconf 88' lang='lat' dir='ltr'>sedens</span> <span class='ocrx_word' id='word_1_163' title='bbox 631 3623 781 3720; x_wconf 89' lang='lat' dir='ltr'>insuper</span> <span class='ocrx_word' id='word_1_164' title='bbox 803 3624 841 3695; x_wconf 91' lang='lat' dir='ltr'>in</span> <span class='ocrx_word' id='word_1_165' title='bbox 865 3624 1031 3711; x_wconf 91' lang='lat' dir='ltr'>marisco,</span> <span class='ocrx_word' id='word_1_166' title='bbox 1058 3624 1203 3697; x_wconf 92' lang='lat' dir='ltr'>modico</span> 
     </span>
     <span class='ocr_line' id='line_1_27' title="bbox 246 3739 1203 3837; baseline -0.002 -24"><span class='ocrx_word' id='word_1_167' title='bbox 246 3741 370 3814; x_wconf 89' lang='lat' dir='ltr'>labore</span> <span class='ocrx_word' id='word_1_168' title='bbox 394 3749 538 3837; x_wconf 87' lang='lat' dir='ltr'>poterat</span> <span class='ocrx_word' id='word_1_169' title='bbox 565 3739 730 3834; x_wconf 87' lang='lat' dir='ltr'>aquatica</span> <span class='ocrx_word' id='word_1_170' title='bbox 752 3739 849 3813; x_wconf 87' lang='lat' dir='ltr'>fossa</span> <span class='ocrx_word' id='word_1_171' title='bbox 871 3740 1052 3833; x_wconf 79' lang='lat' dir='ltr'>concludi.</span> <span class='ocrx_word' id='word_1_172' title='bbox 1105 3739 1203 3813; x_wconf 90' lang='lat' dir='ltr'>Loco</span> 
     </span>
     <span class='ocr_line' id='line_1_28' title="bbox 248 3855 1211 3952; baseline -0.001 -24"><span class='ocrx_word' id='word_1_173' title='bbox 248 3865 374 3930; x_wconf 88' lang='lat' dir='ltr'>sancto</span> <span class='ocrx_word' id='word_1_174' title='bbox 409 3864 745 3952; x_wconf 90' lang='lat' dir='ltr'>quantumcumque</span> <span class='ocrx_word' id='word_1_175' title='bbox 786 3865 967 3952; x_wconf 91' lang='lat' dir='ltr'>suspecto,</span> <span class='ocrx_word' id='word_1_176' title='bbox 1002 3865 1122 3928; x_wconf 89' lang='lat' dir='ltr'>tamen</span> <span class='ocrx_word' id='word_1_177' title='bbox 1157 3855 1211 3927; x_wconf 93' lang='lat' dir='ltr'>ob</span> 
     </span>
     <span class='ocr_line' id='line_1_29' title="bbox 246 3971 1204 4067; baseline -0.004 -21"><span class='ocrx_word' id='word_1_178' title='bbox 246 3974 477 4048; x_wconf 89' lang='lat' dir='ltr'>devotionem</span> <span class='ocrx_word' id='word_1_179' title='bbox 510 3971 601 4046; x_wconf 88' lang='lat' dir='ltr'>Jesu</span> <span class='ocrx_word' id='word_1_180' title='bbox 637 3971 774 4046; x_wconf 88' lang='lat' dir='ltr'>Christi</span> <span class='ocrx_word' id='word_1_181' title='bbox 817 3996 944 4045; x_wconf 88' lang='lat' dir='ltr'>omnes</span> <span class='ocrx_word' id='word_1_182' title='bbox 979 3971 1125 4067; x_wconf 85' lang='lat' dir='ltr'>Anglici</span> <span class='ocrx_word' id='word_1_183' title='bbox 1167 3979 1204 4042; x_wconf 91' lang='lat' dir='ltr'>et</span> 
     </span>
     <span class='ocr_line' id='line_1_30' title="bbox 249 4087 1203 4188; baseline -0.003 -26"><span class='ocrx_word' id='word_1_184' title='bbox 249 4115 390 4188; x_wconf 90' lang='lat' dir='ltr'>semper</span> <span class='ocrx_word' id='word_1_185' title='bbox 407 4088 658 4188; x_wconf 83' lang='lat' dir='ltr'>pepercerunt,</span> <span class='ocrx_word' id='word_1_186' title='bbox 677 4114 793 4187; x_wconf 90' lang='lat' dir='ltr'>usque</span> <span class='ocrx_word' id='word_1_187' title='bbox 812 4114 885 4187; x_wconf 89' lang='lat' dir='ltr'>quo</span> <span class='ocrx_word' id='word_1_188' title='bbox 906 4087 1091 4162; x_wconf 83' lang='lat' dir='ltr'>Galfridus</span> <span class='ocrx_word' id='word_1_189' title='bbox 1111 4113 1203 4184; x_wconf 88' lang='lat' dir='ltr'>prae-</span> 
     </span>
    </p>
   </div>
   <div class='ocr_carea' id='block_1_3' title="bbox 249 4210 1348 4305">
    <p class='ocr_par' dir='ltr' id='par_1_3' title="bbox 249 4210 1348 4305">
     <span class='ocr_line' id='line_1_31' title="bbox 249 4210 1348 4305; baseline -0.004 -23"><span class='ocrx_word' id='word_1_190' title='bbox 249 4211 459 4284; x_wconf 90' lang='lat' dir='ltr'>nominatus</span> <span class='ocrx_word' id='word_1_191' title='bbox 483 4211 521 4283; x_wconf 95' lang='lat' dir='ltr'>in</span> <span class='ocrx_word' id='word_1_192' title='bbox 543 4210 776 4285; x_wconf 89' lang='lat' dir='ltr'>violationem</span> <span class='ocrx_word' id='word_1_193' title='bbox 800 4220 1010 4305; x_wconf 83' lang='lat' dir='ltr'>treugarum</span> <span class='ocrx_word' id='word_1_194' title='bbox 1033 4231 1117 4280; x_wconf 88' lang='lat' dir='ltr'>cum</span> <span class='ocrx_word' id='word_1_195' title='bbox 1138 4230 1203 4303; x_wconf 91' lang='lat' dir='ltr'>po·</span> <span class='ocrx_word' id='word_1_196' title='bbox 1341 4217 1348 4227; x_wconf 82' lang='lat'>&#39;</span> 
     </span>
    </p>
   </div>
   <div class='ocr_carea' id='block_1_4' title="bbox 247 4322 1202 4425">
    <p class='ocr_par' dir='ltr' id='par_1_4' title="bbox 247 4322 1202 4425">
     <span class='ocr_line' id='line_1_32' title="bbox 247 4322 1202 4425; baseline -0.004 -25"><span class='ocrx_word' id='word_1_197' title='bbox 247 4327 338 4400; x_wconf 89' lang='lat' dir='ltr'>tenti</span> <span class='ocrx_word' id='word_1_198' title='bbox 368 4351 479 4400; x_wconf 90' lang='lat' dir='ltr'>manu</span> <span class='ocrx_word' id='word_1_199' title='bbox 509 4336 645 4402; x_wconf 85' lang='lat' dir='ltr'>armata</span> <span class='ocrx_word' id='word_1_200' title='bbox 674 4327 798 4425; x_wconf 87' lang='lat' dir='ltr'>Gynes</span> <span class='ocrx_word' id='word_1_201' title='bbox 827 4326 992 4414; x_wconf 89' lang='lat' dir='ltr'>obsessit,</span> <span class='ocrx_word' id='word_1_202' title='bbox 1021 4333 1058 4396; x_wconf 92' lang='lat' dir='ltr'>et</span> <span class='ocrx_word' id='word_1_203' title='bbox 1087 4322 1202 4397; x_wconf 90' lang='lat' dir='ltr'>moni·</span> 
     </span>
    </p>
   </div>
   <div class='ocr_carea' id='block_1_5' title="bbox 0 0 1560 5026">
    <p class='ocr_par' dir='ltr' id='par_1_5' title="bbox 0 0 1560 5026">
     <span class='ocr_line' id='line_1_33' title="bbox 0 0 1560 5026; baseline 0 0"><span class='ocrx_word' id='word_1_204' title='bbox 0 0 1560 5026; x_wconf 95' lang='lat' dir='ltr'> </span> 
     </span>
    </p>
   </div>
  </div>
 </body>
</html>
