3136 5016
498 663 542 709 nn
562 661 690 710 nunna
709 661 756 708 nn
776 661 1016 710 swrnaaonn,
1185 641 1231 714 27

284 795 416 859 saneta
450 765 568 860 crucis
603 787 776 860 celebrari
804 786 1014 862 Bonifacius
1044 789 1236 862 constituit

484 901 568 976 740.

331 1018 427 1092 Α.Ι).
444 1019 529 1092 612.
557 1020 615 1092 Ab
629 1020 731 1093 obitu
745 1020 907 1115 ejusdem
924 1019 1102 1094 Bonifacii
1119 1045 1233 1117 papae,

283 1161 396 1231 quum
420 1137 572 1209 sedisset
596 1137 617 1208 6
642 1137 758 1224 annis,
784 1146 868 1210 octo
890 1137 1087 1226 mensibus,
1105 1139 1235 1234 viginti

283 1251 410 1324 diebus
615 1251 700 1328 735.

334 1365 430 1438 Α.Ι).
459 1367 543 1438 624.
597 1367 758 1440 Isidorus
787 1368 1015 1465 Hispalensis
1043 1371 1234 1467 episeopus

283 1482 420 1570 tlonrit,
450 1485 513 1580 qui
537 1484 620 1556 libri
647 1485 690 1558 de
717 1486 994 1572 summobono,
1022 1488 1234 1583 etymologi-

284 1624 399 1688 arum,
435 1611 471 1674 et
505 1604 705 1675 multorum
739 1603 893 1675 aliorum
936 1612 1064 1676 auctor
1105 1605 1235 1678 extitit.

283 1715 422 1790 Eodem
451 1727 615 1815 ternpore
645 1717 901 1792 Machornetus
931 1720 1100 1816 princeps
1132 1719 1235 1794 Sara-

284 1857 457 1907 cenorum
487 1844 523 1907 et
550 1859 688 1930 magus,
718 1860 832 1932 quum
860 1837 985 1909 multis
1012 1838 1117 1910 annis
1146 1837 1237 1912 falsa

286 1949 472 2023 Saracenis
489 1951 753 2046 prophetasset,
773 1951 862 2024 obiit
1066 1951 1149 2026 723.

333 2067 430 2139 Α.Ι).
451 2067 535 2142 731.
563 2068 622 2140 Ab
646 2068 749 2141 obitu
765 2068 980 2142 venerabilis
1004 2057 1113 2144 Bedae
1136 2095 1235 2167 pres-

283 2184 687 2280 byteri--m—tild.

334 2300 431 2374 Α.Ι).
451 2305 536 2374 844.
575 2301 733 2398 Haym0,
754 2302 817 2398 qui
840 2302 1009 2398 exposuit
1031 2326 1140 2399 super
1161 2304 1236 2400 epi-

286 2420 407 2506 stolas,
436 2427 472 2491 et
506 2419 673 2492 homilias
709 2443 818 2516 super
850 2420 1035 2515 evangelia
1063 2421 1237 2494 laudabili

286 2535 380 2630 stylo
399 2535 626 2630 conscripsit,
646 2536 776 2607 claruit
980 2537 1063 2608 503.

335 2649 432 2723 Α.Ι).
456 2653 562 2725 1091.
601 2649 772 2722 Urbanus
797 2675 892 2746 papa
918 2652 1046 2724 statuit
1071 2660 1114 2724 ut
1140 2651 1239 2725 horae

286 2767 502 2839 beatissimae
523 2763 673 2862 virginis
697 2767 742 2838 ab
765 2768 933 2840 omnibus
957 2768 1096 2840 clericis
1119 2770 1238 2863 quoti-

287 2884 344 2960 die
371 2883 549 2970 dicantur,
577 2893 613 2956 et
639 2883 799 2956 officium
824 2885 902 2980 ejus
928 2885 967 2956 in
993 2885 1150 2957 sabbatis
1175 2886 1238 2959 fiat

488 3001 574 3072 256.

336 3116 433 3189 Α.Ι).
469 3120 575 3193 1092.
629 3116 855 3190 Venerabilis
890 3099 1085 3192 Anselmus
1119 3120 1238 3215 primo

288 3234 408 3320 abbas,
451 3243 577 3330 postea
615 3232 887 3307 Cantuariensis
931 3235 1236 3333 archiepiscopus,

287 3350 325 3421 in
360 3359 485 3441 sancta
517 3351 594 3423 vita
631 3359 667 3423 et
705 3350 870 3423 doctrina
909 3351 1038 3424 claruit

289 3469 373 3539 255.

338 3581 434 3654 Α.Ι).
459 3585 564 3658 1109.
597 3582 732 3656 Beatus
751 3582 959 3656 Bernardus
977 3584 1140 3657 ordinem
1158 3583 1239 3657 Cis-

288 3697 521 3771 terciensium
542 3700 755 3794 ingreditur.
808 3699 857 3772 Et
874 3700 1002 3772 eodem
1018 3725 1113 3775 anno
1130 3701 1240 3774 abbas

289 3811 499 3886 Clarevallis
516 3815 957 3915 efficitur———238.

338 3929 434 4001 Α.Ι).
460 3929 565 4004 1117.
607 3931 718 4026 Hugo
735 3931 780 4003 de
799 3931 934 4005 Sancto
951 3931 1111 4020 Victore,
1132 3956 1240 4004 cano-

289 4043 392 4117 nicus
417 4045 554 4118 ordinis
578 4048 693 4120 sancti
714 4047 924 4143 Augustini,
943 4047 1089 4120 Parisiis
1112 4047 1241 4118 claruit

289 4165 575 4235 --—230.

341 4277 434 4350 Α.Ι).
459 4275 565 4352 1137.
609 4279 839 4353 'l'heobaldus
866 4269 1097 4352 consecratus
1124 4286 1177 4352 est
1204 4277 1243 4348 in
