3136 5016
385 636 433 710 58
640 661 866 710 canonicos
886 663 1070 712 annrarm
1140 643 1340 732 [aalma

385 789 534 885 quidam
558 812 645 860 vero
672 788 712 860 in
739 787 918 860 directum
940 788 1116 882 jacientes
1145 788 1342 864 Scotorum

383 928 521 1000 paucos
538 927 561 976 a
576 912 723 1000 pectore
740 904 943 999 Anglorum
960 904 1096 976 multos
1114 929 1135 976 a
1152 915 1255 1000 tergo
1275 931 1339 980 ne-

385 1044 503 1094 cuere.
557 1018 617 1093 Sic
641 1019 733 1092 redit
758 1019 798 1092 in
820 1019 976 1092 nihilum
998 1019 1167 1093 hesterna
1189 1045 1337 1118 pompa,

384 1160 469 1232 rege
492 1159 578 1209 cum
600 1136 779 1232 episcopis
800 1144 837 1208 et
853 1134 1114 1231 Dispensatore
1131 1136 1225 1232 sugae
1246 1163 1338 1233 prae

384 1253 518 1325 sidium
546 1253 752 1349 arripiente,
783 1275 892 1347 quem
918 1275 995 1324 non
1022 1253 1211 1348 ingenium
1239 1280 1337 1328 mor-

386 1371 468 1456 tale,
487 1391 555 1441 nec
577 1368 718 1464 agilitas
742 1392 919 1464 equorum
942 1377 1006 1441 aut
1028 1368 1217 1443 involucra
1237 1371 1337 1443 loco-

384 1510 469 1558 rum
489 1509 511 1558 a
532 1494 685 1580 captura
703 1483 899 1558 Scotorum
918 1485 1142 1572 liberassent,
1164 1486 1235 1558 nisi
1255 1511 1336 1582 pre-

385 1602 487 1698 cibus
514 1594 589 1674 suae
615 1600 754 1686 matria,
782 1598 964 1687 Christus,
992 1601 1055 1697 qui
1084 1625 1150 1696 per
1175 1603 1337 1675 medium

289 1707 298 1730 ³
383 1717 597 1790 Judaeorum
622 1715 830 1810 incognitus
857 1715 989 1802 abibat,
1017 1715 1141 1811 ipsum
1165 1740 1288 1812 regem
1315 1741 1348 1790 a‘

386 1833 518 1907 Scotiae
534 1831 669 1903 finibus
686 1830 888 1927 eripuisset,
902 1834 1000 1928 quod
1016 1857 1092 1904 non
1108 1834 1228 1905 solum
1244 1833 1334 1929 ipse,

385 1950 450 2022 scd
466 1949 529 2043 qui
546 1971 631 2020 cum
648 1947 728 2044 ipso
746 1946 943 2042 fugiebant,
967 1948 1204 2044 postmodum
1225 1949 1338 2022 confi-
1461 2010 1476 2036 ,
1554 1903 1555 1998 i

384 2064 564 2138 tebantur.
618 2061 663 2134 In
691 2072 794 2136 tanto
823 2063 918 2158 sugae
948 2064 1110 2159 periculo
1140 2089 1206 2137 rex
1233 2065 1337 2138 vovit

384 2179 464 2252 Deo
490 2188 527 2252 et
551 2179 683 2275 virgini
700 2180 840 2252 dilectae
858 2203 932 2252 suae
950 2180 1116 2276 genitrici
1132 2181 1229 2276 quod
1246 2205 1336 2276 pau-

384 2296 531 2393 peribus
547 2295 661 2392 ipsius
675 2295 881 2369 Carmelitis
898 2296 1024 2369 matris
1041 2295 1111 2368 Dei
1129 2297 1237 2369 titulo
1254 2321 1334 2394 spe·
1410 2303 1414 2305 ’

384 2414 524 2487 cialiter
539 2412 732 2508 insignitis,
745 2413 914 2485 fundaret
930 2412 1191 2486 monasterium
1207 2422 1335 2510 aptum

383 2532 429 2604 ad
454 2529 742 2616 inhabitandum,
769 2529 807 2600 in
835 2552 907 2624 quo
937 2532 987 2602 24
1014 2529 1184 2602 fratribus
1214 2530 1334 2604 studio

383 2646 573 2742 theologiae
590 2645 785 2741 deputatis,
798 2645 842 2718 de
859 2645 1149 2741 competentibus
1167 2645 1334 2741 expensis

384 2763 601 2841 subveniret.
645 2761 785 2835 Votum
802 2762 1021 2834 ratificatum
1039 2786 1061 2833 a
1076 2762 1223 2834 domino
1239 2786 1335 2858 papa

383 2879 525 2953 Joanne
550 2878 675 2964 XXII,
699 2903 764 2950 rex
791 2879 999 2974 complevit,
1020 2878 1201 2974 palatium
1226 2901 1334 2950 suurn

385 2995 533 3080 Oxonii,
563 2993 613 3064 Η.
641 2993 676 3064 le
704 2992 861 3088 Spenser
889 2994 1131 3080 dissuadente,
1163 2993 1333 3068 fratribus

382 3108 564 3206 praedictis
581 3108 620 3179 in
636 3131 767 3203 puram
784 3118 822 3180 et
837 3119 1051 3206 perpetuam
1068 3111 1334 3206 eleemosynam

384 3223 612 3320 assignanda
635 3247 734 3295 anno
756 3225 858 3321 regni
883 3227 940 3298 sui
960 3283 968 3297 .
990 3283 999 3298 .
1021 3283 1029 3299 .
1051 3284 1059 3313 ,
1080 3227 1217 3299 domini
1243 3250 1332 3322 quo·

385 3367 455 3437 que
472 3363 575 3436 papae
592 3339 745 3413 loannis
762 3342 927 3438 praedicti
947 3399 955 3415 .
977 3400 985 3414 .
1007 3399 1014 3414 .
1038 3401 1045 3414 .

433 3459 543 3530 Anno
573 3456 710 3530 Christi
743 3459 838 3530 1315
868 3457 969 3530 Scoti
999 3459 1066 3535 sub
1096 3459 1231 3530 ducatu
1259 3455 1332 3528 Ed-

382 3575 494 3648 wardi
522 3575 557 3646 le
586 3575 744 3670 Bruyus,
771 3574 834 3670 qui
868 3599 906 3646 se
939 3573 1026 3646 fecit
1056 3598 1077 3646 a
1106 3573 1181 3646 suis
1211 3597 1332 3667 regem

385 3691 569 3764 Hiberniae
593 3683 785 3778 nominari,
806 3690 948 3763 vexillis
975 3690 1173 3786 displicatis
1200 3688 1332 3761 Hiber-

382 3809 482 3882 niam
506 3807 668 3904 ingressi,
696 3809 763 3881 sub
788 3808 922 3880 vexillo
947 3807 1085 3880 domini
1110 3806 1262 3879 loannis
1288 3807 1333 3880 de

383 3926 635 4021 Birmingham
652 3934 739 3997 tunc
757 3926 850 4021 regis
867 3925 1008 4022 Angliae
1027 3924 1229 4020 justiciarii,
1247 3949 1333 3998 cum

383 4068 450 4118 suo
483 4042 705 4139 pseudorege
734 4042 882 4115 fuerunt
914 4043 954 4114 in
986 4065 1138 4114 numero
1172 4041 1332 4113 maximo

381 4160 573 4236 interfecti.
625 4158 763 4232 Eodem
792 4168 955 4255 tempore
989 4159 1029 4230 in
1056 4156 1190 4253 Anglia
1224 4157 1332 4232 nimis

383 4279 613 4352 invaluerunt
655 4275 862 4374 pestilentia
903 4283 940 4347 et
982 4274 1107 4358 fames,
1150 4272 1333 4366 quarterio
