3142 5028
492 631 537 716 ns
558 666 685 716 aaran
704 667 751 714 ua
772 665 1005 714 swnraaorrs.
1177 644 1225 714 25
1284 693 1288 702 ·

271 794 440 868 cantandi
457 794 675 889 antiphonas
689 793 727 865 in
740 791 891 865 ecclesia
909 790 1110 864 constituit.
1142 790 1225 863 Ola-

270 912 344 984 ruit
387 911 497 984 etiam
530 910 639 1006 hujus
678 919 841 1006 tempore
877 910 1006 981 beatus
1040 907 1225 981 Martinus

269 1027 490 1100 Turonensis
516 1027 721 1122 episcopus,
743 1036 892 1098 sanctus
911 1024 1170 1122 Hieronymus,
1189 1034 1226 1098 et

271 1143 469 1239 Gregorius
486 1142 741 1215 Nazianzenus
945 1140 1029 1218 977.

321 1260 415 1332 A.D.
433 1261 520 1331 388.
553 1258 612 1331 Ab
630 1259 733 1331 obitu
750 1258 913 1354 ejusdem
930 1257 1092 1346 Damasi,
1111 1284 1226 1355 quum
1289 1307 1291 1314 ,

273 1375 424 1448 sedisset
452 1375 578 1447 Romae
606 1375 732 1446 decern
762 1384 799 1447 et
829 1383 912 1446 octo
940 1375 1055 1462 annis,
1085 1377 1226 1449 duobus

271 1493 458 1565 mensibus
475 1502 512 1564 et
529 1490 660 1587 viginti
677 1515 753 1563 uno
771 1491 897 1563 diebus
1101 1495 1185 1568 959.

322 1607 418 1680 A.D.
438 1611 525 1683 398.
553 1606 689 1680 Beatus
707 1607 951 1702 Augustinus,
970 1631 1124 1702 magnus
1142 1610 1226 1681 doc-

272 1735 341 1811 tor,
361 1724 611 1821 Hipponensis
635 1723 829 1820 episcopus
852 1724 890 1795 in
912 1723 995 1810 fide,
1015 1723 1166 1796 scientia
1191 1734 1228 1797 et

273 1839 438 1913 doctrina
467 1866 541 1937 prae
568 1840 737 1912 omnibus
764 1847 849 1936 post
875 1841 1059 1935 apostolos
1088 1841 1223 1913 floruit.

273 1955 349 2040 Qui
374 1956 601 2052 Augustinus
628 1956 793 2028 ordinem
820 1955 1007 2051 nigrorum
1033 1957 1226 2030 canonico-

271 2097 354 2146 rum
379 2073 496 2146 lactus
523 2074 719 2147 canonicus
745 2072 916 2145 instituit.
969 2073 1109 2146 Eodem
1133 2083 1224 2146 tem-

271 2214 359 2286 pore
380 2190 566 2264 Johannes
589 2189 873 2286 Chrysostomus
895 2190 1024 2262 namn

273 2309 358 2384 949.

324 2422 416 2497 A.D.
436 2426 522 2496 420.
560 2424 618 2496 Ab
642 2424 745 2496 obitu
766 2424 863 2495 beati
884 2422 1102 2518 Hieronymi
1125 2447 1226 2519 pres-

271 2541 401 2636 byteri,
421 2565 536 2634 quum
553 2548 648 2611 esset
666 2563 846 2612 annorum
865 2542 925 2626 91,
945 2548 982 2611 et
998 2538 1096 2633 apud
1116 2538 1228 2611 Beth·

273 2659 367 2729 leem
385 2655 586 2728 Palaestinae
603 2655 776 2750 sepelitur
980 2656 1063 2729 927.

324 2771 420 2845 AD.
441 2772 527 2843 432.
566 2771 666 2867 Papa
690 2769 895 2843 Celestinus
919 2770 937 2840 I
960 2771 1059 2842 misit
1080 2771 1227 2843 beatum

273 2890 472 2964 Patricium
495 2889 612 2961 filium
635 2886 805 2960 Conches
830 2887 962 2960 sororis
986 2887 1102 2959 sancti
1126 2886 1226 2960 Mar-

273 3005 340 3080 tini
374 3007 412 3078 in
448 3005 673 3092 Hiberniam,
710 3003 773 3100 qui
807 3004 986 3077 convertit
1020 3028 1146 3077 omnes
1181 3004 1227 3078 ad

273 3122 381 3194 fidem
512 3192 515 3198 ,
585 3124 669 3195 915.

323 3237 418 3310 A.D.
438 3240 524 3309 433.
561 3236 620 3308 Ab
643 3236 746 3310 obitu
766 3237 865 3309 beati
881 3236 1092 3332 Augustini,
1111 3263 1225 3334 quum

257 3353 424 3428 ¹sedisset
457 3354 493 3425 in
528 3354 741 3449 episcopatu
768 3353 999 3451 Hipponensi
1028 3357 1076 3429 29
1107 3356 1223 3443 annis,

275 3472 374 3543 mille
400 3479 437 3544 et
462 3468 610 3566 triginta
626 3471 812 3543 volumina
829 3470 1115 3566 composuisset:
1144 3495 1225 3569 sep-

274 3588 475 3684 tuagesimo
499 3596 602 3659 sexto
628 3587 742 3659 aetatis
767 3611 841 3659 suae
869 3611 964 3659 anno
988 3588 1157 3682 migravit
1179 3590 1223 3661 ad

273 3703 486 3776 Dominum.
549 3703 689 3776 Eodem
719 3713 881 3798 tempore
912 3702 1061 3800 Septem
1091 3706 1223 3777 dormi-

273 3834 386 3907 enteS,
414 3821 476 3916 qui
502 3821 576 3893 200
602 3820 705 3892 annis
732 3820 964 3908 dormierant,
991 3831 1225 3894 surrexerunt

475 3938 559 4011 914.

323 4050 418 4124 Α.]).
456 4055 541 4124 444.
598 4051 672 4125 Leo
711 4053 728 4122 l
767 4055 1012 4148 apostolatum
1051 4051 1221 4146 suscepit.

274 4166 347 4240 Hic
388 4169 573 4265 propriam
615 4193 765 4242 manum
811 4195 915 4243 suam
957 4193 1024 4264 pro
1067 4168 1223 4262 quadam

274 4285 511 4381 temptatione
546 4295 721 4383 concepta
760 4309 805 4357 ex
845 4285 1068 4358 osculatione
1103 4284 1223 4379 cujus-
