3136 5016
430 672 474 719 nu
495 671 621 720 sauss
640 672 687 719 nu
708 671 947 720 swiunaouu.
1113 651 1157 722 21

209 805 365 891 perator.
430 797 544 886 Plato,
580 799 795 871 Aristoteles
830 808 867 871 et
902 799 1159 895 Hippocrates

211 913 372 987 medicus
389 914 559 1010 insignes,
579 917 787 988 claruerunt
993 915 1099 988 1688.

263 1029 487 1104 Octavianus
521 1031 711 1127 Augustus
752 1032 960 1104 Romanum
1003 1033 1164 1129 suscepit

210 1147 416 1243 imperium,
445 1156 482 1220 et
517 1148 635 1221 dictus
670 1156 725 1220 est
759 1147 962 1243 Augustus,
991 1172 1035 1220 eo
1065 1149 1165 1245 quod

212 1263 489 1358 Rempublicam
507 1263 659 1341 duxerat
861 1266 970 1339 2389.

262 1377 448 1451 Numerus
478 1378 517 1449 in
546 1379 617 1450 isto
647 1379 810 1472 margine
840 1379 1078 1474 subscriptus,
1110 1390 1165 1452 est

211 1519 392 1568 annorum
427 1518 448 1566 a
482 1495 669 1566 nativitate
704 1493 842 1565 Christi
882 1495 1165 1589 praecedentium

213 1621 315 1708 gesta
332 1611 529 1707 sequentia.

262 1728 448 1811 Numerus
475 1726 702 1823 subscriptus
729 1735 785 1800 est
810 1752 990 1801 annorum
1015 1753 1167 1825 sequen·

214 1847 307 1920 tium
331 1855 431 1941 gesta
453 1844 602 1917 inferius
627 1845 761 1940 scripta
782 1869 803 1916 a
823 1845 1011 1918 nativitate
1029 1845 1167 1920 Christi

212 1986 328 2058 usque
358 1970 572 2058 praesentem
601 1985 748 2047 annum,
779 1962 841 2056 qui
876 1963 1028 2057 singulis
1062 1964 1166 2036 annis

213 2080 424 2156 mutabitur.

264 2195 360 2267 An.
385 2199 415 2266 1.
452 2199 562 2267 Anno
592 2195 636 2266 ab
667 2195 804 2289 origine
835 2196 963 2269 mundi
993 2200 1103 2283 5119,
1130 2206 1167 2269 et

215 2309 407 2384 Octaviani
438 2311 666 2407 imperatoris
691 2312 752 2397 42,
781 2320 888 2383 natus
916 2320 971 2383 est
998 2311 1167 2385 Christus

215 2429 311 2501 filius
338 2426 407 2499 Dei
438 2428 476 2498 in
506 2426 695 2499 Bethleem
724 2427 843 2513 Judae,
871 2452 916 2499 ex
946 2427 1066 2499 Maria
1094 2427 1168 2498 vir·

216 2546 311 2641 gine,
350 2552 457 2615 nocte
492 2543 562 2614 diei
601 2540 815 2628 Dominieae,
853 2531 916 2638 qui
954 2543 1093 2638 primus
1133 2552 1169 2615 et
1221 2632 1226 2646 Ι

216 2683 383 2735 summus
409 2658 572 2754 pontifex
599 2659 692 2729 sedit
714 2658 753 2729 in
776 2658 846 2730 hoc
870 2658 1008 2730 mundo
1032 2661 1081 2730 33
1106 2682 1169 2730 an-

216 2778 287 2864 nis,
316 2786 354 2850 et
385 2783 563 2871 quantum
593 2783 649 2845 est
675 2797 697 2846 a
724 2774 837 2846 natali
862 2797 979 2869 usque
1009 2773 1055 2845 ad
1084 2773 1170 2847 Pas-

217 2894 336 2980 cham‚
359 2892 457 2988 quod
480 2900 603 2963 tamen
628 2913 695 2985 pro
722 2889 871 2962 dimidio
898 2913 993 2963 anno
1019 2914 1171 2987 compu-

216 3018 327 3095 tatur,
347 3006 549 3081 seeundum
566 3005 882 3102 Chrysostomum.
919 3004 1058 3078 Eodem
1075 3031 1170 3079 anno

218 3125 386 3199 Christus
413 3124 527 3197 fertur
549 3124 588 3195 in
605 3122 825 3219 AEgyptum,
843 3131 881 3194 et
906 3123 944 3194 in
971 3123 1126 3219 septimo
1151 3149 1173 3196 a

219 3243 408 3317 nativitate
425 3241 463 3312 in
480 3240 647 3312 Judaeam
665 3239 867 3312 revertitur.

269 3357 363 3430 An.
384 3361 444 3433 29.
470 3357 657 3429 Johannes
674 3356 833 3451 baptista
854 3357 1064 3452 praedicavit
1083 3358 1172 3453 bap-

219 3477 370 3550 tismum
390 3473 624 3570 poenitentiae.
679 3472 729 3543 Et
748 3473 788 3544 in
809 3472 975 3568 proximo
997 3497 1093 3545 anno
1117 3499 1172 3546 se-

221 3600 365 3688 quente,
393 3590 591 3686 baptizavit
622 3587 811 3661 Christum
839 3588 877 3660 in
904 3589 1075 3662 Jordanis
1104 3591 1173 3662 flu-

220 3709 318 3780 mine
527 3708 633 3778 1318.

270 3822 366 3896 Α.]),
386 3825 446 3894 31.
487 3823 656 3894 Christus
686 3821 864 3894 convertit
893 3845 1024 3918 aquam
1054 3824 1093 3895 in
1121 3825 1176 3895 vi·

218 3965 319 4027 num,
349 3939 448 4035 quod
482 3937 551 4010 fuit
584 3938 730 4010 initium
764 3938 951 4032 signorum
982 3939 1071 4033 ejus.
1125 3938 1173 4011 Et

218 4081 314 4130 anno
341 4055 505 4150 sequenti
530 4053 717 4126 Johannes
743 4054 903 4150 baptista
931 4054 998 4126 sub
1024 4053 1171 4125 Herode

221 4170 734 4246 decollatur--lffln

243 4288 367 4360 -A.D.
388 4292 448 4359 33.
486 4287 667 4360 Dominus
703 4298 826 4358 noster
859 4286 969 4358 Jesus
1005 4283 1174 4356 Christus
