3110 5026
223 663 433 756 nolana]
476 687 521 734 nu
541 687 669 736 annun
688 687 735 734 nn
755 687 995 736 swnvuaona.
1098 663 1171 737 225

81 825 93 918 J
221 814 296 908 regi
337 813 479 910 Angliae
522 815 783 902 devolveretur,
829 817 923 888 sicut
966 814 1172 887 habuerunt

220 927 453 1024 Aquitaniam
481 931 537 1005 sui
565 940 820 1018 antecessores,
847 931 899 1004 ita
926 940 1049 1004 tamen
1074 931 1174 1027 quod

220 1045 386 1140 regalitas
416 1048 524 1142 regiae
554 1072 696 1120 coronae
727 1046 887 1121 Franciae
917 1055 1170 1120 reservaretur.

219 1158 366 1256 Anglici
387 1186 474 1234 vero
497 1163 765 1234 considerantes
783 1165 881 1258 quod
898 1163 1064 1258 regalitas
1081 1187 1177 1258 prae-

220 1275 319 1348 dicta
347 1301 412 1373 per
442 1277 650 1351 dilationem
682 1278 936 1374 homagiorum
964 1287 1001 1349 et
1029 1278 1176 1372 ligantia

220 1415 325 1464 arum
351 1394 490 1466 solebat
515 1392 683 1490 antiquos
710 1397 811 1490 reges
833 1393 975 1490 Angliae
1001 1401 1037 1464 et
1062 1392 1175 1464 Fran·

221 1507 286 1580 ciae
312 1511 357 1582 ad
381 1510 589 1584 discrimina
612 1535 825 1606 guerrarum
846 1533 1087 1595 commovere,
1113 1527 1176 1604 pe-

220 1625 357 1699 tierunt
379 1652 447 1724 pro
470 1627 635 1701 habenda
650 1651 739 1725 pace
758 1635 943 1724 perpetua,
962 1628 1060 1722 quod
1083 1649 1177 1725 prae*

219 1713 471 1818 fatd‘dominia
488 1743 607 1817 sorent
624 1745 788 1818 absolute
807 1753 844 1816 et
868 1743 945 1816 sine
967 1741 1174 1815 conditione

221 1881 288 1946 suo
311 1860 387 1955 regi
410 1883 592 1948 concessa,
611 1870 653 1935 ut
671 1861 926 1956 praemittitur3
949 1885 1029 1956 quae
1045 1859 1176 1956 petitio

221 1975 385 2071 quamvis
414 1999 530 2073 nuper
556 1977 655 2074 apud
682 1975 873 2065 Calesiam,
901 1985 945 2050 ut
975 1976 1175 2050 testabatur

221 2091 411 2166 cardinalis
437 2092 689 2192 Bononiensis,
715 2093 833 2167 fuerat
859 2093 1027 2181 admissa,
1046 2102 1084 2166 et
1110 2116 1175 2188 per

219 2205 392 2282 habentes
426 2209 681 2282 auctoritatem
714 2210 939 2296 confirmata,
970 2219 1094 2282 tamen
1125 2209 1176 2280 ibi

220 2322 289 2397 suit
305 2325 539 2420 pertinaciter
556 2326 741 2420 denegata.
795 2326 879 2397 Fuit
899 2327 1009 2397 etiam
1026 2349 1174 2420 respon-

221 2464 304 2513 sum
333 2440 465 2514 rationi
492 2439 719 2513 Gallicorum
753 2442 797 2512 de
831 2441 888 2512 sui
918 2441 1011 2535 regis
1041 2449 1078 2512 et
1108 2462 1175 2512 suo

216 2557 438 2652 juramento,
467 2579 540 2650 quo
569 2555 739 2628 videlicet
772 2552 920 2629 fuerunt
948 2555 1100 2652 obligati
1129 2557 1176 2628 ad

221 2672 506 2746 conservandam
540 2672 785 2767 integritatem
819 2673 967 2746 honoris
1002 2673 1103 2767 regni
1137 2683 1174 2746 et

221 2789 275 2874 illi
300 2789 572 2886 pertinentium,
592 2791 690 2886 quod
713 2790 851 2863 scilicet
874 2789 1043 2864 dominus
1066 2809 1173 2885 papa,

222 2906 253 2979 si
279 2906 312 2978 ei
338 2907 508 3002 placeret,
536 2915 659 3003 posset
686 2932 751 3004 pro
777 2908 874 2979 bono
899 2907 999 3003 pacis
1025 2929 1087 2978 eos
1113 2906 1175 2977 ab·

221 3023 360 3094 solvere
389 3047 411 3094 a
440 3023 612 3118 praedicto
638 3023 857 3117 juramento,
889 3033 926 3096 et
955 3023 1026 3095 boc
1055 3024 1175 3118 quoad

221 3148 338 3213 certos
369 3139 540 3212 articulos
570 3140 775 3235 praemissos
804 3140 897 3213 foret
928 3141 1094 3213 consulte
1123 3139 1175 3212 fa-

222 3255 404 3344 ciendum,
424 3266 584 3332 attamen
610 3280 676 3353 per
701 3281 834 3354 papam
860 3257 951 3330 nihil
976 3256 1046 3329 fuit
1071 3256 1175 3329 inno-
1236 3271 1239 3278 '

221 3381 360 3460 vatum,
382 3375 481 3468 quod
506 3374 552 3446 ad
578 3398 706 3470 pacem
732 3375 892 3447 ecclesiae
916 3381 953 3448 et
980 3399 1175 3470 regnorum

221 3489 428 3561 notabiliter
455 3490 599 3562 valeret.
652 3490 849 3587 Propterea
876 3492 995 3564 nuntii
1021 3491 1067 3562 ad
1093 3515 1174 3586 gra-

221 3627 284 3676 ves
302 3627 477 3700 expensas
499 3605 586 3678 illuc
609 3607 779 3680 destinati
801 3607 879 3680 sine
903 3608 1034 3680 effectu
1057 3631 1174 3680 rever-

221 3721 402 3806 tebantur,
433 3719 589 3816 dempto.
609 3722 707 3817 quod
736 3724 908 3819 episcopo
935 3722 1173 3809 Norwicensi,

220 3837 299 3910 viro
328 3861 468 3933 magnae
499 3837 684 3934 sapientiae
714 3839 849 3912 ibidem
876 3839 1025 3914 obeunti
1053 3850 1089 3912 et
1120 3863 1174 3912 se-

221 3954 337 4048 pulto,
367 3954 543 4028 successit
578 3953 746 4028 dominus
776 3955 935 4029 Thomas
970 3957 1014 4028 de
1047 3955 1174 4052 Percy,

221 4069 427 4164 provisione
463 4072 600 4145 domini
634 4096 736 4168 papae
772 4082 808 4145 et
842 4071 1015 4145 instantia
1052 4071 1174 4144 nunti·-
1272 4143 1275 4149 ,

142 4279 152 4290 .
221 4208 338 4258 orum.

271 4301 420 4376 ANNO
452 4305 547 4380 1354
576 4332 638 4381 rex
667 4307 853 4394 Navarra,
884 4305 1057 4380 suscitata
1085 4305 1173 4392 rixa,

677 4447 697 4494 r
