3120 5008
377 559 459 655 124‘
619 604 844 654 onaourcou
864 580 1049 653 ernamur
1083 561 1088 568 ³
1108 581 1201 673 [Ab.
1220 586 1326 656 1334.

366 731 546 829 judicavit
563 755 684 828 regem
702 732 844 827 Angliae
862 731 1053 827 indignum
1071 755 1138 804 sua
1154 734 1325 821 amicitia,

367 850 544 945 quamdiu
563 857 690 923 contra
713 873 799 922 suos
821 849 956 922 amicos
976 848 1118 938 scotos,
1136 851 1234 934 viros
1247 852 1325 946 jus-

369 975 439 1052 tos,
453 975 489 1039 et
503 968 604 1040 omni
616 965 760 1052 rationi,
772 974 815 1038 ut
827 965 993 1051 asseruit,
1006 966 1151 1039 obedire
1164 979 1323 1062 paratoS,

365 1107 538 1178 guerram
571 1084 744 1178 injustam
770 1091 963 1169 exerceret,
993 1106 1062 1155 nec
1088 1083 1252 1158 animum
1279 1086 1324 1159 ad

368 1199 526 1296 aliquem
549 1213 656 1297 posse
679 1199 899 1272 benevolum
925 1221 963 1270 se
985 1196 1129 1288 habere,
1149 1201 1212 1296 qui
1229 1201 1322 1288 illos,

368 1317 505 1390 scilicet
540 1315 682 1403 Scotos,
719 1324 794 1388 tam
833 1315 1082 1388 inhumaniter
1120 1319 1321 1414 guerrando

363 1443 527 1507 vexaret.
569 1432 629 1506 Ad
652 1433 848 1506 secundam
871 1432 1086 1528 petitionem
1112 1435 1231 1507 noluit
1257 1435 1320 1506 ali-

366 1558 423 1623 ter
447 1551 652 1623 consentire
679 1573 789 1646 quam
812 1549 911 1644 quod
938 1572 1106 1645 expensae
1129 1559 1166 1623 et
1188 1551 1321 1624 damna

362 1668 484 1741 vforent
514 1669 693 1754 restituta,
726 1690 806 1764 quae
840 1676 944 1764 pater
973 1691 1062 1740 suus
1092 1665 1245 1742 Carolus
1276 1671 1320 1758 de

364 1784 511 1858 Valesio
532 1784 680 1880 recepit,
699 1793 736 1857 et
761 1783 931 1880 exposuit
953 1783 992 1856 in
1017 1782 1202 1858 Gasconia
1224 1786 1318 1858 mili-

362 1902 488 1974 tando.
540 1900 601 1973 Ad
630 1901 775 1974 tertiam
805 1901 992 1998 respondit
1022 1925 1060 1974 se
1090 1901 1201 1974 fuisse
1227 1904 1318 2000 juris

363 2018 522 2090 amicum
539 2026 576 2090 et
589 2018 740 2113 justitiae
758 2019 975 2106 communis,
990 2043 1057 2092 nec
1073 2045 1240 2116 unquam
1255 2045 1319 2117 per

362 2135 575 2206 affinitatem
598 2143 662 2207 aut
684 2135 883 2208 amicitiam
908 2137 1090 2209 carnalem
1118 2161 1138 2209 a
1162 2137 1316 2232 justitia,

358 2251 471 2346 ¹'quarn
489 2250 627 2338 dilexit,
647 2251 924 2338 declinaturum,
944 2253 1009 2325 sed
1029 2276 1067 2326 se
1084 2254 1177 2326 velle
1195 2255 1262 2327 viis
1281 2264 1316 2328 et

361 2369 479 2440 modis
507 2369 638 2464 quibus
666 2369 774 2444 sciret
802 2378 867 2442 aut
894 2378 1029 2465 posset,
1055 2393 1164 2467 super
1189 2395 1315 2444 omnes

359 2485 629 2580 perturbatores
647 2487 746 2582 pacis
764 2488 866 2583 regni
880 2485 1087 2576 Scotorum,
1103 2504 1315 2586 suae'perse-

356 2603 546 2698 quutionis
566 2603 698 2700 jugum
724 2628 929 2700 aggravare,
951 2605 1073 2678 “Non
1099 2607 1234 2695 enim,''
1260 2608 1315 2679 in·

351 2720 486 2816 ,quiens
517 2721 556 2792 in
584 2722 657 2794 fine
691 2722 879 2811 sermome,
911 2729 934 2760 “
947 2747 1019 2820 pax
1053 2725 1121 2797 erit
1154 2725 1314 2822 perfecta

358 2835 589 2925 Christiania,
618 2848 813 2936 antequam
842 2864 906 2912 rex
934 2840 1095 2913 Franoiae
1125 2836 1172 2915 in'
1191 2842 1311 2927 medio

357 2951 501 3050 Angliae
531 2957 733 3029 consistens
762 2982 830 3054 pro
856 2958 1040 3045 tribunali,
1068 2975 1178 3055 super
1202 2985 1311 3056 regna

357 3067 531 3155 Franciae,
558 3069 698 3166 Angliae
726 3081 762 3145 et
793 3071 924 3146 Scotiae
955 3074 1002 3147 sit
1032 3075 1146 3170 judex
1174 3085 1210 3148 et
1243 3078 1310 3148 im-

241 3250 251 3258 .
356 3188 538 3282 perator.''
591 3187 658 3259 Isti
687 3188 898 3284 prophetiae,
927 3215 1037 3286 quam
1066 3193 1309 3288 prophetavit,

356 3325 473 3398 quum
498 3311 592 3376 esset
615 3326 678 3375 rex
704 3305 789 3376 anni
814 3305 923 3394 illius,
942 3331 1017 3380 non
1043 3310 1174 3405 adjecit
1197 3312 1309 3408 loqui,

349 3420 421 3492 sed
448 3419 678 3515 indignanter
707 3444 746 3494 se
768 3415 968 3512 subtraxit,
997 3427 1136 3499 nuntiis
1166 3428 1212 3501 ad
1242 3430 1311 3503 alia

357 3533 585 3631 profecturis.

409 3652 550 3725 Eodem
573 3678 668 3727 anno
694 3679 757 3728 rex
784 3679 822 3728 se
847 3659 1035 3734 transtulit
1057 3685 1184 3735 versus
1207 3662 1308 3736 Mar-

349 3767 477 3844 »chiam
495 3768 638 3858 Scotiae,
657 3781 694 3845 et
719 3773 758 3845 in
783 3773 853 3846 illis
879 3775 1013 3850 finibus
1038 3777 1224 3868 hiemavit,
1244 3782 1308 3854 sed

355 3887 480 3962 audito
498 3889 596 3984 quod
613 3913 733 3962 comes
757 3890 929 3966 Dasceles
952 3894 1022 3969 fuit
1045 3898 1244 3993 proditiose
1262 3900 1308 3971 ad

357 4005 486 4080 Scotos
512 4029 720 4093 conversus,
745 4020 782 4081 et
805 4011 903 4106 quod
929 4011 1098 4086 dominus
1125 4014 1307 4089 Henricus

356 4125 400 4198 de
422 4125 650 4199 Bellornonte
671 4123 740 4212 fuit
762 4149 783 4197 a
805 4125 924 4200 Scotis
947 4128 1127 4218 obsessus,
1147 4131 1307 4206 Scotiam

354 4241 515 4330 intravit,
534 4240 813 4328 etobsidionem
833 4243 919 4316 fecit
942 4247 1114 4336 amoveri,
1133 4249 1305 4322 attonuit
