3110 5026
364 575 435 650 196
614 593 839 658 canonicor
860 590 1043 644 cucurum
1102 573 1316 663 [n..n.1349.

363 723 524 800 Gallicos
547 734 682 820 treugae
704 724 823 796 adhuc
846 724 1016 797 durantes
1038 724 1108 819 piae
1127 723 1321 812 ¹conscien-

362 843 422 915 tiae
442 842 580 938 legibus
603 841 874 937 prohibuissent
898 843 944 913 ob
968 841 1069 912 omni
1092 837 1319 914 circumven-

362 959 462 1034 tione
487 958 633 1053 publica
654 959 713 1030 vel
736 959 891 1044 occulta,
910 957 981 1051 qua
998 957 1158 1053 pacificae
1175 982 1318 1054 posses-

363 1073 457 1148 sioni
484 1073 580 1170 regis
606 1073 758 1168 Angliae,
786 1071 907 1168 quoad
935 1071 1147 1167 praedictam
1179 1073 1318 1160 villam,

363 1197 531 1287 poterant
558 1189 759 1286 derogasse.
811 1189 932 1260 Etiam
961 1189 1153 1284 praesatum
1178 1188 1318 1262 Emeri-

322 1395 327 1404 .
364 1311 449 1380 cu'rn
481 1306 684 1380 reverentia
721 1306 809 1378 fidei
850 1304 1015 1378 militaris
1051 1304 1240 1378 terruisset
1268 1303 1319 1378 ab

363 1423 466 1496 omni
490 1423 695 1519 proditioue
720 1430 758 1495 et
783 1420 984 1508 inhonesta,
1008 1445 1083 1493 non
1108 1422 1219 1494 etiam
1245 1441 1320 1494 sen·

364 1539 484 1612 vanda
509 1539 715 1635 sponsione,
734 1562 848 1632 quum
874 1537 919 1609 de
940 1537 1022 1633 jure
1048 1537 1095 1610 sit
1120 1537 1218 1610 hosti
1244 1562 1319 1610 ser-

365 1655 485 1728 vanda
506 1655 607 1740 fides,
629 1654 694 1727 sed
718 1653 797 1750 ipse
820 1677 887 1726 nec
909 1654 1007 1725 hosti
1031 1653 1140 1725 fidem
1164 1656 1320 1742 servavit

366 1798 434 1846 nec
454 1774 531 1869 regi
551 1782 707 1859 terreno,
726 1772 830 1844 aliter
846 1796 954 1866 quam
972 1771 1080 1844 dubie
1096 1773 1264 1844 militavit
1280 1782 1321 1845 et

367 1889 508 1962 inferno
542 1888 700 1984 principi
733 1888 945 1984 impiissime
980 1889 1140 1974 servivit,
1173 1890 1321 1985 quando

367 2029 501 2101 corpus
520 2003 717 2082 Salvatoris
740 2005 780 2075 in
802 2005 1052 2078 testimonium
1072 2027 1146 2077 suae
1165 2014 1321 2078 versutae

368 2122 619 2196 conventionis
653 2122 827 2196 fallaciter
864 2123 1060 2208 invocavit,
1095 2132 1130 2195 et
1172 2123 1322 2219 insuper

368 2239 663 2312 communionem
681 2239 806 2312 calicis
828 2239 975 2335 recepit.
1030 2237 1182 2335 Scripsit
1199 2248 1322 2318 tamen

326 2435 330 2442 ,
366 2357 445 2453 regi
471 2357 593 2430 literas
620 2353 664 2428 de
687 2365 768 2430 toto
794 2349 940 2452 negotio
962 2357 1021 2428 vel
1044 2358 1230 2429 occultans
1253 2355 1322 2429 ita-

370 2495 440 2568 que
465 2478 614 2568 paratus
636 2471 686 2543 ad
712 2469 937 2544 Gallicorum
962 2471 1170 2559 amicitiam,
1194 2473 1227 2544 si
1251 2472 1323 2569 ipsi

369 2589 648 2684 expedivissent,
673 2597 710 2662 et
735 2589 774 2660 in
799 2589 892 2684 regis
917 2581 1218 2675 benevolentiam,
1236 2613 1323 2662 casu

370 2726 443 2799 quo
465 2702 597 2778 Gallici
620 2729 642 2780 a
663 2705 851 2802 proposito
874 2700 1037 2778 frustrati
1060 2705 1213 2779 luissent
1233 2699 1324 2778 cori-

370 2821 459 2894 victi
484 2821 529 2892 de
554 2820 729 2893 fractione
754 2829 976 2914 treugarum,
995 2828 1032 2892 et
1057 2821 1206 2918 insuper
1230 2820 1324 2893 forte

370 2939 479 3011 inulti
496 2937 697 3010 redimendi
714 2933 940 3033 caperentur.
980 2936 1052 3011 Sed
1068 2938 1119 3010 ita
1136 2938 1325 3034 continge-¹

372 3055 444 3126 bat.
497 3053 652 3129 Proinde
675 3078 740 3126 rex
763 3055 939 3126 sollicitus
963 3052 1007 3126 de
1029 3054 1196 3126 custodia
1218 3055 1323 3142 villae,

372 3193 483 3265 quam
506 3192 580 3242 non
603 3170 747 3240 modico
772 3170 895 3241 labore
921 3169 984 3240 sed
1009 3168 1195 3240 obsidione
1219 3180 1327 3244 antea

372 3283 526 3379 subegit,
548 3283 711 3355 celeriter
733 3282 980 3368 transfretans,
1004 3282 1125 3378 ipsum
1147 3283 1325 3358 comitan-

338 3387 339 3394 '
372 3399 470 3472 tibus
496 3399 563 3472 suo
587 3397 828 3494 primogenito
854 3397 1018 3495 principe
1034 3397 1175 3471 Walliae
1202 3410 1239 3473 et
1263 3425 1325 3474 co-

372 3517 462 3588 mite
483 3516 540 3588 ·de
573 3514 751 3602 Marchia,
781 3515 859 3588 aliis
888 3537 1031 3611 quoque
1061 3517 1199 3612 paucis,
1231 3516 1326 3590 diem

372 3633 632 3728 peremtorium
648 3632 864 3729 proditionis
880 3656 945 3729 per
1046 3630 1324 3729 dies'praevenit.

374 3747 490 3846 Igitur
511 3750 695 3846 profectus
714 3749 905 3837 Calesiam,
924 3750 1102 3847 disposuit
1124 3774 1191 3845 pro
1214 3747 1326 3821 Fran-

375 3867 427 3941 cis
441 3866 669 3958 ,cautelosam
692 3868 948 3962 receptionem.
1002 3847 1144 3963 Nempe
1166 3866 1233 3940 sub
1255 3865 1326 3938 for-

375 3985 518 4058 nicibus
538 3984 634 4057 intra
654 3983 949 4079 proccinem'seu
970 3992 1114 4080 portam
1136 3984 1327 4056 collectam

377 4111 415 4174 et
436 4103 559 4175 valvas
579 4102 772 4197 januarum
796 4101 905 4174 castri
928 4100 1060 4172 milites
1083 4100 1228 4186 locavit,
1247 4125 1327 4172 mu·

377 4241 458 4290 rum
485 4227 632 4293 tenuem
659 4217 710 4289 eis
738 4226 961 4313 anteponens
988 4218 1031 4290 de
1056 4241 1152 4290 novo
1178 4216 1329 4289 fabrica-
