3110 5026
214 683 289 733 an.
305 661 428 751 1352]
474 684 518 731 aa
539 683 667 731 aaran
687 682 733 729 nn
753 681 994 730 swrrvnnorrn.
1092 659 1162 730 221

213 812 361 884 stultam
386 811 486 883 visus
512 809 640 883 luisset
667 807 848 881 schedulae
877 807 985 880 fidem
1013 808 1166 880 adhibu-

212 927 294 1014 isse,
329 925 530 1024 praesertim
564 950 630 1023 per
663 925 843 998 famulum
880 933 998 998 status
1037 925 1168 1020 abjecti

211 1051 448 1139 praesentatae,
477 1043 578 1115 misit
605 1040 737 1114 Ottoni
766 1042 858 1113 duos
888 1041 1021 1113 milites
1047 1041 1168 1137 inqui-

212 1161 345 1234 situros
388 1185 538 1234 causam
581 1158 773 1232 calumniae
807 1167 844 1232 et
877 1145 1056 1254 petituros
1091 1160 1187 1254 ejus

212 1302 322 1374 super
355 1278 417 1350 illa
450 1277 575 1349 literas
609 1284 774 1371 patentes
809 1299 874 1371 per
907 1275 1068 1370 sigillum
1105 1299 1168 1347 au-

211 1393 417 1467 thenticum
441 1392 670 1478 muniendas
697 1390 828 1488 quibus
855 1391 993 1464 itineris
1018 1391 1169 1486 impleto

105 1605 107 1608 Ι
212 1510 374 1606 negotia,
413 1510 459 1583 ab
493 1508 709 1581 Alamannia
750 1506 962 1580 festinanter
1004 1507 1169 1596 reversis,

212 1627 312 1700 misit
355 1628 430 1699 dux
472 1635 647 1709 coronato
679 1625 905 1698 Francorum
938 1648 1006 1721 pro
1041 1647 1169 1696 securo

212 1744 397 1816 conductu
433 1740 489 1816 sui
523 1751 633 1839 atque
669 1767 830 1815 suorum.
898 1739 997 1816 Cum
1037 1764 1178 1836 magna¹
1210 1763 1213 1768 ’

213 1862 359 1936 tandem
388 1862 599 1936 difficultate
629 1861 743 1957 petita
777 1869 814 1932 et
848 1860 996 1933 obtenta
1023 1859 1170 1932 licentia

212 1977 317 2073 regis,
347 1977 526 2051 Patisium
551 1977 680 2064 adivit,
708 1977 772 2050 ubi
802 1977 840 2048 in
869 1975 1049 2074 ligaticiis,
1078 1999 1169 2074 prae÷

213 2094 374 2167 sentibus
398 2103 572 2168 coronato
593 2093 829 2180 Francorum,
855 2118 939 2189 rege
962 2095 1071 2167 etiam
1092 2092 1169 2166 Na-

212 2233 336 2299 varrae,
373 2220 410 2282 et
453 2211 545 2283 duce
588 2209 824 2306 Burgundiae,
859 2219 968 2305 atque
1002 2210 1170 2305 plurimis

212 2327 359 2423 paribus
390 2336 426 2399 et
456 2325 535 2398 aliis
567 2326 611 2397 de
641 2350 752 2420 regno
778 2324 950 2412 Franciae,
977 2327 1053 2398 dux
1083 2326 1169 2398 dex-

213 2444 364 2517 trarium
389 2442 558 2515 decenter
584 2441 806 2528 conscendit,
834 2441 934 2513 omni
960 2441 1063 2537 signo
1094 2443 1170 2514 sine

213 2560 358 2633 defectu
380 2559 501 2631 duello
524 2558 738 2646 desiderato,
762 2557 913 2630 omnino
937 2567 1086 2655 paratus
1108 2583 1170 2631 ex-

214 2676 374 2774 pectavit
410 2675 604 2748 adversarii
633 2677 945 2772 praeparationem,
977 2688 1013 2751 et
1042 2703 1171 2752 vocem

213 2791 392 2889 praeconis
436 2800 544 2886 atque
588 2791 794 2864 cautionem
838 2793 1040 2866 communis
1071 2795 1176 2890 jura·

214 2908 329 2980 menti
363 2908 407 2980 de
440 2907 511 2980 fide
541 2907 721 2981 dictorum
751 2917 788 2983 et
816 2910 977 3006 parendo
1003 2911 1088 3006 juri.
1139 2911 1172 2982 E

214 3034 343 3100 contra
365 3025 581 3121 praedictum
605 3025 781 3099 Ottonem
806 3027 870 3099 vix
895 3027 1029 3100 auxilio
1053 3029 1172 3102 suble-

214 3152 341 3215 vatum
376 3165 491 3238 equus
525 3141 756 3215 recalcitrans
791 3142 927 3239 recepit
965 3143 1114 3232 invitus,
1149 3169 1172 3218 a

216 3285 288 3356 quo
318 3269 465 3334 evectus
495 3283 580 3331 nons
598 3258 719 3355 potuit
753 3259 930 3332 cassidem
961 3261 1025 3333 sed
1053 3285 1171 3358 neque

216 3387 360 3450 scutum
388 3378 556 3451 decenter
581 3385 716 3473 aptare,
744 3386 808 3449 aut
833 3377 995 3450 lanceam
1023 3379 1169 3474 erigere,

216 3503 280 3566 aut
314 3518 352 3566 se
386 3517 461 3564 non
495 3517 602 3589 posse
635 3493 839 3566 vecorditer
871 3493 989 3568 finxit.
1042 3495 1171 3591 ltaque

216 3609 341 3683 statim
368 3617 542 3692 coronato
570 3617 678 3704 atque
705 3608 781 3704 regi
808 3609 958 3705 aliisque
985 3611 1171 3707 praesenti-

216 3726 285 3799 bus
315 3733 503 3822 comperta
534 3723 683 3797 Ottonis
717 3725 944 3821 impotentia,
977 3738 1171 3801 coronatus
1295 3821 1299 3831 ι

218 3842 440 3917 Francorum
475 3865 623 3915 causam
658 3843 920 3916 monomachiae
948 3854 1171 3940 pertractan-

219 3960 303 4033 dam
345 3960 413 4034 sibi
455 3959 629 4032 continuo
664 3958 870 4032 reservavit.
936 3959 1044 4033 Unde
1080 3959 1172 4048 Otto

218 4076 387 4172 primitus
409 4078 533 4172 jussus
559 4075 744 4162 abscessit,
772 4083 808 4148 et
834 4075 872 4168 in
898 4098 981 4152 area
1008 4075 1083 4148 dux
1110 4100 1171 4147 ex-

219 4192 389 4287 pectavit.
442 4193 529 4266 Post
556 4193 634 4266 haec
661 4202 843 4290 praecepto
871 4191 1034 4291 coronati
1060 4191 1171 4265 Fran-

219 4331 347 4384 corum
375 4305 467 4382 Otto
493 4301 641 4404 juravit,
670 4309 769 4406 quod
796 4332 983 4404 nunquam
1011 4317 1174 4385 extunc
