3136 5016
508 650 553 698 un
575 651 701 700 eausa
721 652 768 700 ou
788 651 1028 702 swrunuons.
1195 635 1243 706 35

289 779 348 844 tus
369 783 425 846 est
446 775 483 848 in
503 775 759 872 imperatorem
777 778 1011 854 Alemanniae.
1066 779 1114 854 Et
1134 804 1243 878 prox·

288 887 362 962 imo
380 913 476 963 anno
495 892 660 987 sequenti
677 903 873 969 coronatur
1076 898 1135 971 91.
1172 969 1174 972 .

337 1006 432 1079 AD.
454 1011 559 1081 1258.
588 1008 624 1079 Α
641 1009 908 1105 provisionibus
925 1011 1030 1084 saetis
1048 1012 1145 1107 apud
1164 1013 1241 1088 Ox-

287 1123 420 1211 oniam,
451 1127 552 1210 unde]
582 1127 699 1198 multa
729 1128 823 1199 mala
853 1127 985 1210 suturis
1016 1129 1241 1225 temporibus

287 1241 524 1335 contigerunt
718 1245 778 1320 89.

337 1357 431 1430 Α.Ι).
452 1357 557 1430 1263.
586 1358 665 1430 Rex
679 1357 862 1430 Henrious
879 1360 1028 1432 intravit
1043 1358 1239 1449 Oxoniam,

286 1481 323 1545 et
357 1474 546 1546 eeclesiam
580 1483 714 1548 sanctae
748 1474 994 1571 Fredeswyde,
1030 1475 1090 1546 oui
1124 1478 1240 1554 multo

285 1590 381 1662 bona
410 1590 577 1676 contulit,
606 1599 644 1662 et
674 1591 851 1687 capellam
880 1591 995 1664 saneti
1024 1581 1173 1688 Georgii
1201 1594 1240 1668 in

286 1714 404 1778 castro
424 1705 578 1780 Oxoniae
594 1707 744 1780 intravit
948 1711 1007 1784 94.

333 1821 561 1896 A.D.1264.
616 1822 865 1898 Commissum
891 1833 946 1897 est
975 1825 1114 1898 bellum
1140 1830 1238 1924 apud

283 1937 417 2027 Leues
442 1940 506 2012 ubi
532 1949 661 2036 captus
685 1951 762 2014 erat
787 1939 985 2015 Edwardus
1008 1943 1105 2016 filius
1129 1946 1235 2042 regis,

284 2079 368 2128 eum
391 2057 517 2130 multis
541 2057 735 2145 nobilibus,
758 2081 824 2155 per
848 2057 1032 2132 Simonem
1058 2061 1110 2134 de·
1125 2062 1235 2136 Mon·

284 2171 404 2246 teforti
607 2173 667 2261 83.
1321 2243 1327 2252 .

332 2289 428 2362 Α.Ι).
451 2288 559 2364 1265.
601 2289 849 2366 Commissum
866 2300 921 2365 est
938 2315 1045 2387 grave
1063 2295 1235 2389 proelium

283 2406 379 2501 apud
407 2407 601 2494 Evesham‚
633 2409 767 2502 inquo
797 2406 924 2480 Simon
950 2409 994 2481 de
1020 2408 1235 2486 Monteforti

284 2546 369 2596 cum
391 2524 515 2596 multis
539 2524 617 2596 odiis
641 2523 809 2596 fidelibus
834 2523 1016 2597 occubuit.
1072 2524 1236 2608 Ottobon

283 2638 425 2733 legatus
442 2639 804 2711 venitm-mss.

331 2753 428 2826 Α.Ι).
452 2752 558 2827 1267.
600 2754 635 2826 Α
654 2753 906 2826 discumfitura
922 2753 1018 2827 sacta
1035 2757 1131 2851 apud
1150 2755 1236 2831 Ces·

281 2870 484 2945 trefeldiam
501 2871 539 2942 in
558 2871 735 2945 comitatu
751 2869 1156 2945 Derbiae-——u-so.

177 2996 179 3002 '
277 3064 279 3068 s
331 2986 427 3069 Α.Ι).
452 2986 557 3062 1272.
600 2988 661 3060 Ab
684 2987 786 3060 obitu
810 2987 903 3083 regis
927 2986 1078 3062 Henrioi
1102 2992 1231 3086 quarti,

280 3129 366 3178 oum
391 3113 574 3201 regnasset
597 3103 643 3179 57
667 3105 784 3190 anuis,
806 3128 902 3177 anno
927 3106 1043 3179 aetatis
1070 3131 1144 3180 suae
1171 3107 1230 3182 66.

281 3220 421 3297 Eodem
434 3246 529 3296 anno
547 3222 637 3296 obiit
655 3221 833 3296 Ricardus
851 3221 1047 3319 imperator
1060 3223 1236 3300 Aleman-·

280 3339 359 3426 niae,
377 3338 488 3412 frater
504 3339 582 3435 ejus
787 3336 847 3413 75.

328 3455 422 3528 Α.Ι).
456 3454 563 3530 1274.
616 3456 650 3528 A
678 3455 911 3530 coronatione
939 3455 1033 3552 regis
1062 3456 1231 3532 Edwardi

278 3571 343 3643 filii
373 3572 466 3667 regis
496 3571 660 3657 Henriei,
691 3597 777 3646 oum
806 3569 977 3644 Alienore
1007 3594 1120 3646 uxore
1150 3597 1228 3663 sua,
1323 3641 1326 3649 .

277 3689 374 3784 apud
392 3686 759 3762 Westmonasterium
962 3686 1020 3761 74.

327 3803 422 3876 Α.Ι).
448 3801 553 3879 1278,
588 3803 667 3878 Rex
693 3803 887 3878 Scotorum
910 3803 995 3878 fecit
1017 3805 1230 3902 homagium

179 3973 183 3976 -
277 3921 374 3994 dieto
397 3920 586 4009 Eduardo,
612 3923 680 3995 hae
707 3922 924 4021 conditione,
943 3932 990 3995 ut
1009 3923 1229 4018 ubicumque

276 4062 339 4109 rex
357 4038 580 4111 inveniretur
596 4040 634 4110 in
648 4039 792 4135 Anglia,
811 4039 1021 4134 homagium
1039 4039 1229 4112 admittere

277 4179 349 4228 non
366 4155 788 4231 differret-=-—-—69.

327 4272 420 4345 Α.Ι).
446 4270 552 4346 1270.
598 4271 653 4344 Ex
672 4295 744 4368 quo
761 4269 831 4343 suit
849 4269 1044 4341 inhibitum
1066 4291 1110 4340 ne
1132 4277 1230 4342 terra

720 4409 740 4456 c
760 4387 783 4456 2
