3110 5026
355 663 428 733 218
614 681 843 731 omnouroon
864 646 1047 731 oanrnmr
1097 660 1314 752 [1111352.

351 814 425 886 ales
450 815 496 886 ab
523 813 673 886 ecclesia
699 811 865 898 dimovit,
893 819 1054 885 castrum
1082 813 1309 889 deecclesia

350 940 387 1004 et
411 953 518 1002 muro
543 930 702 1016 barbam,
727 938 791 1002 aut
817 929 886 1002 toti
911 928 1044 1002 fossam
1069 916 1173 1002 nisus
1196 931 1306 1005 fabri-

352 1069 444 1132 care,
463 1054 500 1118 et
523 1045 594 1118 hoc
617 1047 713 1119 circa
737 1045 977 1118 Pentecosten
998 1045 1095 1118 illius
1116 1048 1308 1144 annique

354 1171 517 1258 tempore
541 1163 644 1258 aquis
666 1187 742 1234 non
764 1161 1044 1258 impedientibus
1066 1173 1235 1259 poterant
1252 1166 1311 1238 sui

224 1315 228 1324 ·
353 1278 392 1349 in
417 1278 573 1351 marisco
599 1279 774 1351 laborare.
829 1278 955 1374 Itaque
983 1279 1143 1351 anterius
1170 1280 1309 1354 obsessi

352 1395 538 1469 castellani
568 1396 613 1468 de
642 1395 766 1493 Gynes
800 1395 862 1468 vix
895 1404 1064 1492 poterant
1094 1397 1216 1492 egredi
1244 1423 1312 1494 per

351 1513 465 1587 fossas
491 1537 593 1610 aquae
618 1515 743 1610 plenas
769 1514 808 1585 in
833 1513 972 1610 cymbis
999 1522 1062 1586 aut
1088 1537 1154 1610 per
1179 1515 1310 1587 maris-

351 1655 438 1704 cum
461 1631 601 1704 invium
624 1640 660 1703 et
682 1631 871 1726 aquosum,
899 1629 1216 1704 necCalesienses
1242 1654 1309 1728 po-

349 1755 468 1820 terant
510 1747 608 1843 ipsos
647 1747 988 1843 quomodocumque
1023 1771 1155 1843 egenos
1190 1748 1309 1822 vietu-

349 1865 458 1937 aliare
500 1874 650 1961 propter
688 1865 912 1937 obsidionem
947 1873 984 1937 et
1016 1865 1221 1938 custodiam
1256 1866 1310 1939 de

349 1978 546 2051 Lalbascie.
609 1979 749 2052 Pluries
777 1980 943 2053 exierunt
970 1981 1109 2054 obsessi
1136 1990 1172 2053 et
1200 1981 1309 2054 dimi-

348 2097 478 2168 cabant
501 2095 680 2168 cumillis
704 2096 748 2168 de
772 2095 971 2183 Lalbascie,
1001 2098 1064 2170 sed
1084 2097 1193 2170 nimis
1216 2121 1308 2195 pau·

348 2235 410 2286 cos
454 2212 648 2310 aliquando
682 2213 822 2309 sagittis
857 2223 896 2287 et
929 2238 1192 2311 nonnunquam
1226 2214 1308 2288 ariis

348 2331 456 2403 armis
505 2330 727 2406 occiderunt.
796 2330 960 2405 Tandem
1003 2331 1062 2404 die
1105 2313 1308 2405 constituto

348 2458 598 2523 convenerunt
624 2450 846 2523 Caiesienses
876 2474 961 2522 cum
989 2449 1061 2522 illis
1087 2449 1132 2546 de
1159 2447 1239 2545 Oye
1269 2458 1307 2522 et

349 2566 393 2638 de
423 2565 565 2653 Menke,
594 2590 639 2639 ex
672 2591 746 2639 una
774 2575 889 2663 parte,
921 2567 1196 2640 occurrentibus
1227 2589 1306 2639 cas·

349 2683 491 2756 teilanis
514 2707 560 2756 ex
583 2684 746 2771 adverso,
766 2697 802 2756 et
825 2683 1039 2758 occiderunt
1056 2686 1204 2771 multos,
1223 2685 1306 2780 plu..

348 2823 477 2896 resque
511 2799 694 2896 fugarunt,
730 2809 839 2897 atque
872 2800 1028 2873 finaliter
1065 2800 1308 2873 incenderunt

349 2924 469 2989 totum
493 2916 689 3004 Lalbascie,
713 2925 749 2989 et
772 2917 886 2990 muris
910 2916 1052 3005 dirutiS,
1080 2917 1203 2989 omnia
1219 2917 1307 2988 solo

349 3043 593 3128 coaequarent.
646 3033 730 3105 Hoc
752 3057 848 3106 anno
870 3032 1017 3105 domino
1035 3033 1127 3106 duce
1149 3031 1307 3104 Lancas-

350 3147 428 3220 triae
449 3147 641 3244 Spurciam
662 3147 826 3242 profecto
850 3156 887 3219 et
910 3145 1039 3217 deinde
1062 3145 1160 3240 apud
1183 3169 1308 3240 regem

350 3261 570 3358 Craskowye
593 3270 720 3335 contra
740 3263 880 3334 Turcos
903 3261 1125 3344 demorante,
1143 3258 1219 3330 filia
1240 3284 1309 3334 sua

349 3373 497 3452 domino
524 3379 607 3451 duci
635 3376 810 3449 Selandiae
834 3375 1032 3462 Willelmo,
1059 3375 1307 3472 primogenito

349 3494 532 3592 quondam
560 3493 745 3566 Ludowici
772 3493 874 3566 ducis
905 3491 1080 3580 Bavariae,
1112 3492 1306 3568 intrusoris

349 3611 491 3707 imperii
514 3611 684 3698 Romani,
705 3609 774 3684 fuit
800 3611 838 3683 in
862 3610 996 3707 Anglia
1019 3610 1238 3706 desponsata
1260 3611 1306 3683 de

350 3731 501 3804 consilio
535 3732 628 3827 regis
663 3740 699 3804 et
734 3731 971 3804 ordinatione.
1026 3729 1102 3803 Isto
1137 3753 1231 3802 anno
1266 3729 1305 3801 in

348 3849 471 3946 vigilia
488 3850 762 3946 Assumptionis
787 3850 937 3946 virginis
963 3851 1089 3922 matris
1114 3849 1185 3922 Dei
1201 3846 1304 3920 Wal-

350 3978 450 4041 terus
468 3968 512 4040 de
529 3968 727 4064 Benteteye
745 3967 969 4062 capitaneus,
987 3966 1170 4041 Robertus
1186 3964 1304 4037 Knol-

350 4087 406 4175 lis,
425 4095 462 4162 et
486 4087 547 4158 alii
574 4084 666 4181 regis
691 4085 826 4172 fideles,
854 4085 893 4157 in
917 4083 1080 4158 marchia
1105 4083 1302 4155 Britanniae

350 4205 514 4279 hostibus
542 4204 682 4300 egregie
712 4203 916 4290 obviarunt,
946 4203 1009 4275 ubi
1039 4202 1077 4272 in
1107 4199 1302 4272 certamine

350 4321 412 4394 diu
458 4321 674 4417 periculoso,
722 4321 865 4393 fuerant
913 4319 1023 4393 occisi
1069 4318 1301 4391 marescallus

1342 540 1347 552 1

1383 1395 1397 1408 x

1545 2121 1546 2140 1

1395 2481 1402 2496 “

1545 4529 1546 4536 i

1470 4925 1477 4953 ιι

1460 4985 1466 4992 .
