3110 5026
377 657 452 732 226
633 675 859 727 cHRoNlcoN
880 675 1084 736 sennium,
1110 654 1203 744 [sn.
1219 654 1331 730 1355.

376 805 510 880 occidit
531 803 722 879 dominnm
744 801 918 876 Carolum
941 802 985 878 de
1008 802 1199 899 Hispania,
1217 802 1334 880 Fran-

376 925 440 996 ciae
483 923 747 1005 marescallum,
785 919 883 992 unde
923 917 1124 992 vindictam
1167 923 1334 996 coronati

377 1038 634 1124 declinaturus,
662 1037 702 1110 in
730 1035 877 1133 propria
902 1035 1008 1131 sugit,
1035 1035 1186 1113 mittens
1215 1059 1332 1114 avun-

374 1157 503 1228 culum
525 1179 633 1227 suum
656 1153 742 1226 duci
764 1152 982 1226 Lancastriae
1002 1176 1088 1225 cum
1107 1153 1223 1226 literis
1242 1177 1330 1250 sup-

376 1272 520 1368 pliciter
552 1270 808 1368 deprecatoriis
842 1269 939 1366 quod
971 1270 1113 1344 veniret
1145 1268 1332 1344 Norman-

376 1391 473 1462 niam
499 1389 538 1460 in
563 1388 621 1461 sui
646 1388 823 1462 auxilium
848 1396 885 1460 et
907 1385 1164 1474 defensionem,
1191 1387 1329 1484 recipe-

375 1515 502 1602 retque
525 1507 570 1578 ab
593 1507 674 1602 ipso
693 1507 942 1601 juramentum
965 1503 1150 1578 fidelitatis
1176 1512 1214 1578 et
1238 1506 1330 1578 ami-

376 1625 470 1698 citiae
496 1633 623 1696 contra
645 1645 771 1696 omnes
796 1621 971 1694 virentes.
1024 1621 1143 1718 Igitur
1158 1623 1246 1710 dux,
1264 1622 1330 1696 ha·

376 1741 452 1814 bita
476 1740 622 1836 licentia
648 1763 669 1810 a
695 1738 842 1810 domiuo
866 1761 960 1833 rege,
983 1762 1154 1834 magnam
1177 1739 1333 1812 classem

377 1855 595 1928 coadunavit
622 1854 720 1950 apud
747 1853 1027 1950 suthamptone,
1054 1855 1118 1929 ubi
1145 1853 1237 1927 duce
1263 1879 1330 1950 pa·

377 1979 456 2044 rato
485 1972 532 2043 ad
557 1970 826 2056 velificaudum,
860 1979 1078 2045 revenerunt
1110 1971 1244 2044 milites
1271 1973 1331 2045 sui

376 2086 496 2159 nuntii
524 2085 704 2182 praemissi
732 2085 1001 2159 Normanniam
1029 2111 1096 2183 pro
1125 2087 1231 2161 istius
1265 2112 1331 2160 ne-

377 2203 466 2299 gotii
504 2203 655 2276 veritate
692 2202 984 2299 contemplanda,
1019 2228 1085 2300 per
1118 2229 1210 2300 quos
1244 2205 1330 2278 duci

376 2321 446 2394 fuit
485 2320 725 2407 notificatum,
761 2320 859 2416 quod
891 2321 1085 2417 praedictus
1119 2344 1207 2395 suus
1241 2345 1329 2395 con-

376 2439 596 2534 sanguineus
619 2461 684 2510 rex
709 2435 883 2510 Navarrae
908 2446 1080 2511 coronato
1105 2436 1331 2512 Francorum

376 2564 454 2628 erat
479 2555 702 2651 pacificatus,
722 2563 759 2628 et
784 2555 836 2629 sic
862 2555 965 2628 ducis
990 2555 1237 2630 transfretatio
1261 2581 1330 2654 pro

376 2681 465 2744 tunc
482 2673 781 2768 suspendebatur.

428 2783 575 2856 ANNO
603 2785 711 2872 1355,
738 2786 839 2881 regni
864 2785 1032 2859 Edwardi
1057 2788 1120 2873 29,
1140 2787 1223 2883 ipso
1246 2811 1331 2883 rege

375 2925 502 2974 versus
519 2900 709 2976 Franciam
732 2902 829 2975 circa
847 2902 1087 2990 S'andwicum,
1106 2912 1142 2976 et
1164 2904 1330 3000 principe

376 3016 520 3090 Walliae
543 3042 671 3092 versus
688 3019 925 3120 Aquitaniam
949 3019 1047 3115 apud
1072 3018 1266 3092 Suttonam
1290 3019 1330 3092 in
1356 3063 1357 3066 =

375 3133 542 3208 Devenia
560 3145 714 3208 ventum
734 3158 950 3232 prosperum
969 3137 1244 3232 expectantibus
1264 3161 1331 3233 per

376 3250 533 3344 amplius
556 3275 666 3344 quam
689 3252 926 3348 quadraginta
948 3252 1036 3340 dies,
1062 3254 1200 3326 caeteris
1224 3277 1330 3351 para-
1413 3297 1433 3344 χ

374 3365 434 3450 tie,
462 3374 655 3438 coronatus
679 3365 903 3440 Francorum
926 3367 1053 3441 habuit
1080 3394 1166 3445 suos
1193 3371 1329 3446 exerci-

376 3489 436 3552 tus
453 3480 587 3552 divisos
606 3505 715 3576 super
731 3490 860 3576 portus
877 3481 1114 3559 Normanniae
1134 3497 1172 3561 et
1192 3488 1231 3562 in
1251 3487 1331 3561 aliis

376 3597 567 3669 maritimis
597 3597 835 3694 impedituros
869 3625 992 3698 regem
1021 3627 1091 3677 seu·
1114 3605 1330 3701 principem,

377 3737 422 3785 ne
446 3714 492 3786 ad
505 3723 649 3788 terram
671 3716 1110 3820 applicarentwlnterim
1132 3730 1169 3793 et
1192 3722 1332 3796 tamdiu

377 3831 474 3928 quod
504 3831 575 3929 ipsi
606 3834 738 3907 Gallici
768 3859 854 3908 cum
884 3835 959 3908 suis
994 3837 1235 3932 stipendiariis
1265 3863 1331 3936 pa-

377 3947 486 4022 triam
508 3949 693 4046 propriam
714 3950 870 4042 nimium
893 3958 1096 4036 vastalunt,
1114 3960 1151 4022 et
1173 3951 1219 4024 ab
1242 3978 1331 4027 aera-

377 4065 432 4137 rio
466 4067 629 4139 coronati
663 4067 787 4141 multis
822 4067 981 4139 millibus
1016 4075 1241 4143 scutatorum
1275 4071 1330 4144 in-

378 4180 494 4252 aniter
523 4181 761 4276 consumptis
793 4181 940 4252 tandem
969 4183 1029 4254 vel
1056 4181 1164 4256 nimis
1194 4209 1333 4282 pauper

379 4317 441 4366 seu
466 4320 596 4390 parcus
617 4296 812 4392 praedictus
834 4307 1030 4372 coronatus
1055 4299 1236 4396 stipendia
1255 4301 1332 4374 suis
