3136 5016
346 614 396 682 34
609 633 835 683 cnnorucon
855 633 1039 682 enisurus

348 760 448 847 dicti,
467 784 582 855 quum
599 760 763 832 durasset
780 784 845 857 per
863 761 885 833 6
904 784 1018 832 annos
1036 759 1074 832 in
1092 769 1171 833 toto
1189 783 1300 856 regno

349 876 776 972 Augias-*133

399 992 495 1065 Α.Ι).
519 993 625 1068 1216.
670 993 729 1067 Ab
747 993 850 1067 obitu
867 993 960 1089 regis
977 991 1168 1080 Johannis,
1188 1015 1302 1089 quum

349 1119 535 1206 regnasset
554 1109 599 1184 17
618 1111 733 1199 annis,
752 1118 789 1184 et
806 1110 903 1207 apud
920 1109 1150 1205 Wigorniam
1172 1109 1302 1204 sepeli-

350 1235 423 1300 tur.
483 1226 622 1300 Eodem
655 1251 750 1300 anno
780 1226 964 1302 Henricus
994 1224 1049 1298 IV
1077 1223 1176 1298 filius
1210 1225 1300 1320 ejus,

352 1367 467 1439 quum
496 1353 590 1417 esset
618 1367 797 1416 annorum
825 1347 860 1430 9,
891 1343 989 1438 apud
1014 1339 1303 1415 Westmonaste·

352 1458 448 1532 riu'rn
465 1451 659 1534 coronatur
865 1461 947 1531 131.

403 1574 498 1649 Α.Ι).
516 1577 622 1648 1220.
651 1576 684 1646 Α
702 1577 861 1649 secunda
878 1575 1110 1648 coronatione
1128 1575 1303 1672 ejusdem,

353 1701 579 1788 quumesset
597 1715 776 1766 annorum
793 1691 849 1779 13,
864 1692 962 1788 apud
978 1691 1306 1785 Londoniam*

360 1808 440 1881 126.

405 1921 502 1994 Α.Ι).
526 1923 632 1995 1236.
672 1923 709 1995 Α
725 1924 998 1999 confirmatione
1015 1927 1225 2000 libertatum
1241 1950 1308 2023 per

356 2063 478 2136 regem
499 2038 702 2114 Henricum
725 2049 907 2136 quartum,
933 2065 1187 2115 concessarum
1210 2065 1309 2114 com-

356 2155 529 2230 munitati
545 2154 699 2251 Angliae,
718 2180 798 2252 quae
819 2156 858 2229 in
881 2155 1021 2252 Magna
1041 2156 1177 2230 Charta
1202 2166 1238 2231 et
1264 2157 1310 2230 de
1399 2173 1410 2181 ·

359 2272 508 2344 Foresta
524 2271 730 2344 continetur
936 2276 1017 2345 111.

410 2388 599 2462 Sententia
634 2389 709 2462 lata
748 2413 813 2485 per
847 2413 973 2463 ornnes
1007 2389 1309 2487 archiepiscopos

359 2505 561 2602 episcopos,
608 2508 788 2604 praelatos,
838 2505 1106 2603 pontificalibus
1148 2506 1310 2594 indutos,

360 2623 528 2696 crucibus
546 2623 687 2712 erectio,
705 2633 742 2697 et
759 2623 918 2698 candelis
938 2623 1110 2712 accensis,
1128 2621 1167 2695 in
1184 2648 1310 2697 omnes

361 2742 673 2815 contravenientes
692 2750 730 2815 et
749 2751 1031 2837 transgressores
1048 2741 1258 2814 libertatum
1274 2750 1311 2814 et

360 2858 667 2932 consuetudinum
684 2866 937 2930 contentarum
955 2857 994 2927 in
1009 2856 1191 2952 praedictis
1208 2857 1312 2938 char-

361 2972 421 3059 tis,
453 2973 548 3046 sicut
581 2996 646 3067 per
679 2995 801 3067 regern
834 2971 1068 3058 confirmatis,
1099 2981 1135 3045 ct
1169 2973 1238 3046 hac
1267 2972 1313 3045 de

362 3111 472 3160 causa
496 3087 624 3159 habuit
648 3110 712 3158 rex
735 3085 917 3160 Henricus
939 3086 1082 3160 18mam
1104 3089 1217 3162 totius
1234 3087 1312 3160 An-
1450 3132 1453 3140 ·

363 3202 444 3298 gliae
464 3202 576 3297 regni.
630 3200 810 3297 Sequente
827 3226 922 3276 anno
941 3201 1033 3276 Otto
1053 3204 1194 3302 legatus
1213 3203 1313 3277 venit

362 3319 402 3398 in
417 3318 600 3413 Angliam.

414 3434 511 3508 Α.Ι).
536 3433 642 3509 1339.
685 3434 721 3505 Α
738 3434 927 3508 nativitate
946 3436 1039 3532 regis
1060 3437 1227 3511 Edwardi
1249 3440 1315 3512 filii

365 3551 458 3646 regis
479 3549 631 3623 Henrici
655 3560 739 3646 post
765 3561 1004 3648 conquestum
1030 3554 1149 3650 primi.
1202 3555 1315 3629 Prox-

364 3669 439 3740 imo
474 3692 569 3741 anno
602 3670 768 3764 sequenti
797 3669 889 3744 Otto
919 3673 1059 3766 legatus
1088 3673 1236 3747 recessit
1270 3675 1314 3746 ab

365 3787 499 3883 Anglia
703 3790 784 3860 108.
1240 3853 1243 3858 .

415 3903 511 3976 Α.Ι).
532 3904 637 3977 1242.
664 3905 700 3976 Α
717 3905 1011 3980 transfretatione
1029 3907 1181 3982 Henrici
1198 3909 1317 4004 quarti

367 4045 451 4094 oum
472 4020 645 4094 Alienora
666 4045 779 4094 uxore
800 4023 925 4095 suain
947 4021 1318 4097 Gasconiam-—-

370 4138 451 4212 105.

421 4255 512 4330 AD.
537 4255 642 4328 1256.
680 4254 858 4328 Ricardus
877 4280 997 4328 comes
1017 4256 1210 4331 Cornubiae
1229 4259 1320 4332 elec-
