3136 5016
262 664 334 714 sm.
347 641 473 733 lasa]
516 665 561 714 nn
580 665 708 713 aaran
728 665 777 714 nn
796 664 1038 716 swinsaorrn.
1168 643 1217 718 87

260 792 468 887 ligiamenta
485 791 632 863 domino
649 789 828 862 Edwardo
850 791 895 863 de
917 789 1128 864 Carnarvan
1148 817 1216 866 nu-

261 933 326 1004 per
350 909 438 1004 regi,
465 933 531 1004 per
556 932 687 980 manus
705 907 882 980 Widelmi
907 907 1053 982 Trossel
1076 909 1216 996 militis,

259 1034 423 1121 exparte
442 1025 555 1097 totius
572 1025 674 1119 regni
692 1023 915 1111 refuderunt,
934 1034 971 1098 et
991 1024 1152 1098 Thomas
1169 1027 1215 1098 de

258 1141 398 1213 Blount
413 1141 528 1225 miles,
547 1140 676 1234 regatis
697 1139 847 1236 hospitii
870 1143 1102 1229 senescallus,
1120 1142 1212 1215 frac-

258 1257 358 1328 tione
379 1257 490 1352 virgae
511 1279 619 1328 suum
642 1255 803 1328 officium
826 1256 1059 1351 designantis,
1079 1259 1214 1354 regiam

258 1372 431 1444 familiam
449 1371 631 1444 nuntiavit
648 1395 726 1444 esse
743 1372 974 1444 licentiatam.
1026 1373 1115 1446 Post
1138 1373 1215 1446 haeo

259 1489 306 1561 ad
338 1489 617 1584 parliamentum
650 1487 850 1560 londoniae
884 1488 1030 1574 reversi,
1066 1511 1216 1584 respon-

259 1605 398 1677 sionem
421 1604 517 1700 regis
538 1605 656 1700 plene,
676 1604 789 1676 immo
812 1604 957 1699 plenius
984 1628 1095 1699 quam
1120 1603 1216 1676 saeta

258 1720 339 1807 fuit,
360 1721 574 1792 retulerunt.
627 1719 776 1792 Factam
800 1720 1091 1815 resignationem,
1116 1745 1214 1793 eom-

258 1836 417 1909 munitas
451 1836 553 1931 regni
582 1845 748 1908 veterum
782 1835 1000 1909 fastidiatrix
1034 1861 1214 1910 novorum

260 1976 401 2048 semper
423 1951 632 2047 appetitrix,
660 1961 844 2047 gratanter
871 1952 1078 2038 admittens,
1105 1977 1213 2026 suum

258 2068 542 2162 primogenitum
567 2067 756 2140 dominum
783 2066 1002 2141 Edwardum
1027 2069 1132 2141 bonae
1158 2069 1213 2140 in·

259 2183 362 2269 dolis,
380 2174 549 2256 undecim
575 2207 766 2269 annorum,
792 2185 1065 2280 promptissime
1085 2184 1212 2270 erexit,

258 2309 300 2370 ut
320 2300 372 2372 ita
395 2298 537 2395 plenius
555 2300 748 2384 diceretur,
768 2300 874 2393 cujus
891 2300 1047 2395 pueritia
1065 2301 1213 2396 quibus·

258 2414 341 2486 dam
371 2439 415 2487 eo
444 2415 529 2511 plus
559 2415 668 2488 cessit
697 2414 743 2486 ad
772 2423 913 2500 votum,
942 2440 1015 2509 quo
1043 2416 1111 2487 sub
1139 2425 1213 2488 tam
1336 2425 1339 2432 '

257 2531 360 2602 molli
376 2540 520 2625 pastore
539 2530 731 2624 sperabant
748 2554 892 2624 gregem
910 2530 1012 2625 regni
1034 2530 1110 2602 suis
1132 2529 1212 2603 libi-

257 2646 305 2718 tis
330 2646 481 2718 minare.
535 2645 683 2740 Reginae
709 2669 867 2740 quoque,
894 2646 1049 2718 dominae
1076 2647 1213 2720 scilicet

258 2763 420 2836 Isabellae
441 2762 486 2834 de
509 2762 734 2848 Carnarvan,
754 2761 823 2834 suit
845 2762 928 2834 talis
952 2786 995 2834 ac
1019 2771 1122 2834 tanta
1147 2763 1213 2836 dos

257 2880 452 2974 assignata,
479 2879 578 2974 quod
602 2879 678 2974 regi
705 2879 782 2951 filio
809 2903 877 2950 suo
904 2888 941 2951 et
968 2879 1101 2975 reginae
1128 2879 1213 2951 Phi-

257 2997 366 3092 lippae
392 2996 454 3068 vix
482 2995 655 3068 remansit
683 2995 790 3068 tertia
819 3019 903 3091 pars
933 2996 1040 3091 regiae
1070 3020 1213 3070 coronae

257 3112 529 3208 pertinentium
581 3111 741 3185 Domino
758 3136 845 3184 vero
863 3111 1042 3184 Eduardo
1060 3114 1105 3185 de
1122 3112 1212 3185 Car-

258 3252 394 3301 naman
419 3229 564 3301 comitis
589 3227 794 3305 leicestriae
821 3229 997 3324 deputato
1024 3230 1211 3317 custodiae,

258 3355 405 3416 centum
420 3367 560 3417 marcas
578 3369 645 3440 pro
662 3368 786 3417 mense
799 3346 1054 3440 expendendas
1068 3347 1212 3419 ordina-

257 3468 389 3532 verunt
405 3462 529 3556 regina
546 3469 583 3533 et
599 3459 996 3556 epis-HerefordiensiS,
1015 3472 1052 3534 et
1074 3462 1212 3535 Rober-

258 3585 319 3648 tus
336 3577 380 3648 de
397 3575 550 3649 Mortuo
569 3578 671 3665 mari,
690 3578 746 3649 de·
755 3579 846 3649 fisco
863 3579 974 3674 regali
991 3579 1211 3652 tribuendas.

307 3692 435 3786 Itaque
462 3689 659 3788 generosus
683 3694 852 3766 dominus
875 3693 1074 3767 Edwardus
1096 3721 1212 3793 quon-

257 3809 341 3881 dam
364 3833 441 3894 rex,
465 3794 572 3904 regiae
597 3831 739 3881 coronae
763 3817 871 3905 atque
894 3809 1071 3883 libertatis
1091 3812 1212 3907 priva·

256 3927 391 3997 tionem
412 3950 481 4021 pro
503 3949 627 3997 amore
642 3924 667 3996 J
669 3949 734 3998 esu
751 3925 891 3998 Christi
907 3927 1077 4022 pauperis
1095 3927 1212 3999 cruci-

256 4040 319 4112 fixi
345 4041 524 4136 patienter
542 4041 736 4114 admittens
755 4066 840 4114 cum
857 4065 925 4113 suo
943 4041 1211 4136 consanguineo

256 4156 388 4228 comite
405 4155 610 4230 Leieestriae
624 4155 787 4230 Henrieo
804 4155 950 4240 mansit,
969 4156 1072 4226 nullo
1089 4179 1211 4250 egena,

257 4295 329 4365 quo
347 4272 510 4346 reclusus
528 4283 565 4344 et
583 4273 638 4345 vir
656 4273 880 4344 monasticus
900 4269 1106 4363 indigebat;
1130 4273 1212 4368 nu17
