3136 5016
436 655 484 728 62
687 672 914 723 csnorucon
933 671 1118 722 censuim
1189 649 1383 742 [anrl32l

434 799 639 897 pernoctari
663 797 781 878 fuerat
807 799 991 894 ingressus
1021 797 1254 894 pertinaciter
1279 800 1386 874 dene-

434 925 561 1011 gatus3
588 915 719 1010 reginae
746 915 938 1010 repudium
965 938 1029 986 rex
1057 913 1239 986 aestimans
1264 915 1304 988 in
1330 915 1387 988 sui

433 1041 686 1128 contemptum
705 1031 919 1118 redundare,
938 1054 1003 1126 per
1022 1031 1215 1126 populares
1232 1031 1384 1118 vicinos,

434 1156 470 1221 et
492 1149 574 1221 illos
598 1148 642 1219 de
664 1147 814 1220 Essexia
835 1155 872 1219 et
895 1146 1091 1220 nonnullos
1114 1145 1385 1220 Londonienses

430 1265 540 1361 jussit
566 1273 725 1338 castrum
752 1262 918 1336 obsideri.
972 1261 1093 1336 Castri
1119 1263 1386 1335 firmamentum

433 1381 552 1454 tenuit
575 1378 618 1452 Β.
639 1380 685 1453 de
702 1378 956 1464 Baddesmere‚
973 1377 1012 1450 in
1029 1402 1103 1473 quo
1119 1383 1234 1451 uxore
1251 1387 1288 1451 ct
1303 1377 1387 1451 filiis

431 1497 578 1585 relictis,
607 1521 692 1570 cum
720 1494 924 1568 vernaculis
954 1495 1003 1566 ad
1031 1494 1109 1590 ejus
1139 1493 1384 1568 defensionem

431 1622 539 1717 aptis,
569 1620 865 1716 proficiscebatur
892 1642 975 1691 cum
1006 1617 1084 1690 aliis
1115 1618 1309 1697 baronibus
1338 1619 1386 1692 ad

431 1736 701 1810 demolitionem
736 1757 905 1829 gazarum
947 1731 1129 1829 Hugonis.
1193 1733 1385 1807 Obsidioni

431 1851 563 1923 acriter
591 1851 779 1922 insistente
805 1873 902 1946 rege,
930 1850 1081 1924 inclusis
1108 1849 1385 1946 desperantibus

432 1965 477 2037 de
502 1965 612 2038 castri
637 1965 803 2050 tuitione,
831 1963 992 2038 Comites
1016 1973 1052 2036 et
1073 1966 1228 2037 barones
1254 1963 1384 2061 Hugo·

431 2081 488 2154 nis
513 2089 726 2169 vastatores,
753 2090 974 2154 annatorum
1000 2081 1141 2153 suffulti
1158 2101 1298 2176 'magna
1322 2104 1385 2154 co·

430 2198 568 2285 mitiva,
582 2207 761 2271 venerunt
778 2197 1024 2293 Kingetonam
1040 2197 1080 2268 in
1096 2197 1220 2292 vigilia
1237 2205 1384 2292 aposto·

430 2313 549 2386 lorum
573 2312 730 2387 Simonis
754 2323 790 2387 et
812 2314 931 2401 Judae,
956 2323 1124 2410 rogantes
1146 2339 1213 2410 per
1235 2315 1384 2387 nuntios

430 2429 655 2504 intermissos
676 2430 841 2503 dominos
857 2429 1156 2504 Cantuariensem
1180 2439 1217 2503 et
1238 2430 1385 2503 Londo-

430 2543 604 2634 niensem,
633 2571 676 2620 ac
708 2547 879 2621 comitem
908 2546 1256 2634 Pembrochiensem,
1284 2547 1384 2642 quod

431 2663 655 2736 obsidionem
685 2687 749 2736 rex
778 2672 973 2750 amoveret,
1002 2664 1257 2760 promittentes
1283 2663 1383 2759 quod

429 2789 515 2876 post
547 2779 753 2876 proximum
787 2779 1075 2876 parliamentum,
1111 2788 1272 2852 castrum
1305 2779 1382 2874 regi

429 2896 610 2967 redditum
644 2894 850 2967 subderent.
921 2893 1001 2966 Rex
1034 2918 1121 2966 vero
1154 2896 1382 2990 perpendens

429 3011 644 3083 castellanos
666 3033 742 3081 non
763 3033 870 3107 posse
893 3010 957 3084 diu
980 3011 1145 3084 resistere
1171 3021 1207 3083 et
1232 3035 1380 3106 exaspe-

428 3133 529 3197 ratus
561 3125 755 3198 rebellione
787 3126 1024 3214 inclusorum,
1055 3127 1248 3223 petitiones
1277 3127 1382 3199 baro·

428 3263 517 3311 num
547 3240 665 3312 noluit
691 3241 872 3328 exaudire,
902 3242 1033 3337 quibus
1067 3243 1106 3315 in
1139 3250 1261 3338 partes
1291 3241 1380 3314 alias

428 3355 610 3450 regressis,
641 3365 760 3428 castro
794 3357 941 3429 tandem
975 3358 1098 3430 labore
1128 3379 1203 3429 non
1235 3356 1379 3429 modico

428 3480 646 3566 expugnato,
664 3495 729 3544 sex
754 3473 799 3544 de
823 3471 1033 3545 fortioribus
1048 3473 1098 3544 ·in
1122 3472 1203 3568 ipso
1229 3471 1380 3567 repertis

427 3588 576 3660 indilate
601 3590 798 3686 suspensis,
821 3613 971 3661 uxorem
997 3589 1041 3661 B.
1069 3589 1114 3660 de
1139 3587 1380 3660 Baddesmerc

427 3712 464 3778 ct
488 3704 583 3777 filios
607 3707 686 3801 ejus
709 3705 807 3778 misit
830 3706 922 3778 turri
946 3705 1146 3778 Londoniae
1172 3704 1379 3777 custodien-

427 3819 504 3890 dos.
569 3819 613 3891 ln
647 3822 812 3916 sequenti
846 3821 1034 3893 nativitate
1069 3819 1278 3906 Salvatoris,
1313 3841 1378 3890 rex

427 3933 676 4007 Cirencestriae
696 3937 876 4009 celebrato
894 3937 1006 4009 natali
1023 3961 1106 4010 cum
1123 3935 1286 4010 exercitu
1302 3935 1379 4005 col·

425 4051 521 4123 lecto
547 4051 697 4124 tendens
723 4052 762 4124 in
787 4051 992 4124 Marchiam
1008 4049 1163 4139 Walliae,
1182 4049 1377 4123 declinavit

427 4166 672 4255 Gloverniam,
698 4193 763 4264 per
784 4169 960 4265 quosdam
981 4170 1134 4241 barones
1155 4175 1301 4262 paratos
1322 4187 1378 4236 re·

424 4283 572 4360 bellioni
593 4296 819 4384 occupatam,
838 4309 903 4381 per
920 4285 1145 4381 Wigorniam
1164 4284 1211 4356 ad
1230 4282 1379 4379 Briggo-
