3110 5026
368 635 437 708 190
623 607 847 702 ennoureou
868 651 1051 701 onuramr
1093 629 1185 720 [nn.
1203 628 1313 706 1349.

227 869 238 884 ,
361 779 516 856 cherche
540 780 654 866 hawe,
671 779 736 852 uhi
760 778 928 851 fundavit
952 777 1103 850 domum
1128 778 1323 872 religioso.»

360 920 443 970 rum
477 895 523 969 ad
557 895 804 992 sepeliendum
838 893 1045 966 morientes
1109 892 1246 968 Placita
1275 895 1315 966 in

359 1011 485 1084 baucis
502 1011 601 1106 regio
624 1020 661 1082 et
681 1011 878 1096 communi,
897 1009 1099 1082 necessario
1116 1031 1312 1083 cessavere.

359 1127 472 1199 Pauci
483 1149 651 1222 proceres
664 1125 923 1212 moriebantur,
934 1124 1120 1220 dequibus
1134 1134 1237 1197 erant
1249 1127 1314 1198 do-

360 1244 482 1316 minus
495 1242 519 1313 J
521 1243 682 1316 ohannes
700 1243 744 1314 de
760 1241 1032 1336 Montgomery,
1050 1249 1088 1312 et
1103 1241 1252 1314 domina
1269 1243 1314 1315 de

362 1360 528 1433 Clisteles
555 1359 764 1456 capitaneus
791 1357 952 1444 Calesiae,
981 1356 1021 1430 in
1048 1355 1190 1429 Calesia
1216 1382 1313 1430 mor-

358 1471 426 1564 tui,
445 1484 482 1549 et
506 1476 604 1572 apud
629 1474 757 1549 iratres
782 1475 896 1546 beatae
920 1471 1047 1545 Mariae
1074 1473 1119 1545 de
1145 1471 1314 1547 Carmelo

359 1592 558 1666 londoniae
574 1591 719 1688 sepulti.
770 1588 914 1684 Vulgus
931 1589 1176 1677 innumerum,
1195 1599 1232 1663 et
1256 1615 1313 1663 re-

359 1709 584 1804 ligiosorum,
613 1715 721 1801 atque
751 1705 906 1778 aliorum
938 1705 1154 1778 clericorum
1188 1706 1313 1780 multi-

359 1825 451 1897 tudo
484 1824 552 1897 soli
580 1822 661 1895 Deo
690 1831 790 1908 nota,
820 1822 1032 1918 migravere.
1083 1821 1245 1898 Juvenes
1274 1835 1312 1898 et

358 1942 470 2014 fortes
495 1939 684 2037 potissime
706 1939 768 2011 illa
790 1939 910 2011 clades
933 1938 1099 2025 involvit,
1118 1939 1251 2012 vetulis
1273 1951 1313 2013 et

359 2055 539 2150 languidis
572 2055 815 2127 communiter
848 2055 1020 2151 pepercit.
1073 2053 1148 2127 Vix
1182 2055 1312 2152 aliquis

359 2166 546 2265 infirmum
568 2189 679 2239 ausus
702 2175 757 2239 est
780 2167 1001 2262 contingere,
1026 2167 1153 2240 relicta
1173 2177 1313 2241 mortu-

360 2305 467 2354 orum
484 2281 669 2377 quondam
691 2291 729 2355 et
751 2306 850 2356 nune
872 2283 1043 2378 pretiosa,
1061 2293 1236 2379 tanquam
1255 2285 1312 2356 in-

359 2515 516 2589 crastino
556 2513 718 2587 defuncti
760 2515 1043 2611 reperiebantur.
1112 2515 1312 2590 Torserunt

357 2631 439 2703 illos
469 2639 695 2727 apostemata
724 2655 744 2702 e
774 2631 925 2703 diversis
955 2631 1119 2728 partibus
1149 2634 1312 2729 eorporis

359 2749 481 2822 subito
505 2749 744 2844 inrumpentia
765 2757 841 2821 tam
864 2749 960 2846 dura
971 2755 1009 2821 et
1025 2749 1132 2836 sicea,
1152 2751 1249 2846 quod
1266 2752 1314 2824 ab

357 2863 429 2936 illis
447 2863 575 2938 decisis
591 2863 654 2935 vix
671 2863 791 2958 liquor
806 2864 999 2951 emanavit,
1017 2888 1039 2936 a
1056 2865 1188 2960 quibus
1204 2868 1312 2938 multi

359 3004 424 3076 per
439 2980 653 3054 incisionem
671 2989 735 3053 aut
751 3005 817 3076 per
832 2980 979 3077 longam
996 2981 1211 3076 patientiam
1227 3007 1311 3056 eva-

358 3106 495 3172 serunt.
548 3096 624 3168 Alii
656 3096 862 3170 habuerunt
895 3097 1062 3193 pustulos
1092 3120 1224 3191 parvos
1254 3099 1312 3170 ni-

339 3211 442 3306 'gros
468 3235 533 3306 per
560 3220 676 3282 totam
702 3211 863 3306 corporis
889 3219 1011 3283 cutem
1036 3233 1262 3305 conspersos,
1290 3240 1316 3288 a

360 3325 491 3421 quibus
524 3324 747 3420 paucissimi,
776 3325 891 3396 immo
920 3324 983 3395 vix
1017 3323 1129 3419 aliqui
1158 3325 1243 3399 vitae
1274 3339 1312 3402 et

360 3442 476 3516 sanati
503 3439 718 3520 resilierunt.
771 3439 888 3512 Tanta
917 3440 1135 3537 pestilentia,
1165 3467 1245 3538 quae
1271 3446 1312 3517 in

358 3557 451 3630 festo
474 3555 733 3652 assumptionis
757 3557 910 3652 virginis
936 3557 1101 3653 gloriosae
1127 3558 1309 3648 Bristollc‚

359 3681 396 3746 et
418 3673 515 3746 circa
536 3673 669 3746 festum
692 3674 809 3747 sancti
830 3673 1022 3756 Michaelis
1045 3675 1144 3771 apud
1166 3674 1311 3750 loudo-

277 3804 284 3809 ·
359 3789 459 3862 niam
484 3789 680 3877 inchoavit,
707 3815 772 3887 per
797 3815 935 3864 annum
961 3791 1145 3884 integrum
1171 3801 1209 3864 et
1235 3815 1310 3866 am-

359 3910 456 4007 plius
478 3908 519 3981 in
535 3908 704 4005 Angliam
727 3909 887 3995 desaevit,
909 3909 961 3980 ita
985 3918 1028 3981 ut
1050 3909 1184 3985 multas
1206 3909 1311 3981 villas

361 4028 512 4102 rurales·
530 4025 675 4124 penitus
710 4027 755 4099 ab
789 4025 888 4098 omni
921 4025 1108 4100 individuo
1142 4024 1311 4098 humanae

360 4144 494 4241 speciei
517 4152 720 4218 evacuaret.
772 4142 945 4238 Angliam
972 4140 1073 4214 tanto
1102 4140 1204 4213 clade
1229 4165 1311 4213 vas·

360 4270 472 4347 tante,
502 4259 603 4333 Scoti
638 4259 751 4355 gavisi
784 4260 961 4355 putabant
994 4259 1076 4332 illos
1110 4257 1210 4330 omni
1244 4281 1311 4332 suo

1540 591 1546 882 l

1544 907 1546 998 l
