3110 5026
359 548 433 620 210
612 570 838 618 onaomcou
860 571 1043 620 onerarnr
1102 550 1320 639 [nnlaol.

359 701 440 785 tari,
472 697 613 794 fingens
643 698 816 772 comitem
851 724 936 773 cum
972 715 1039 772 sua
1074 700 1173 796 regia
1206 725 1325 776 uxore

359 815 511 890 nimiam
544 815 713 887 habuisse
743 815 1038 901 familiaritatem,
1071 825 1180 912 atque
1212 841 1323 890 snum

359 933 508 1006 fratrem
534 933 628 1004 laesae
656 932 763 1027 regiae
790 932 989 1027 majestatis
1018 931 1179 1007 Franciae
1208 934 1323 1008 fuisse

361 1073 475 1135 reum,
505 1049 651 1144 quando
683 1072 787 1121 suam
818 1071 966 1122 causam
996 1050 1196 1122 duellarem
1225 1051 1322 1146 regis

361 1165 502 1262 Angliae
536 1165 694 1238 examini
728 1165 924 1239 commisit.
982 1164 1070 1241 Post
1104 1167 1322 1262 praedictum

362 1283 614 1370 fratricidium,
631 1306 784 1355 uxorem
801 1305 917 1366 suam,
934 1282 1046 1356 filiam
1070 1283 1203 1356 nobilis
1227 1285 1322 1379 regis

363 1399 559 1486 Bohemiae,
588 1399 627 1471 in
657 1399 781 1494 praelio
808 1399 852 1472 de
879 1396 1002 1474 Crassi
1027 1399 1167 1472 dudum
1195 1400 1321 1486 occisi,

363 1519 458 1590 fame
476 1517 582 1590 torsit
602 1540 717 1613 usque
741 1517 786 1588 ad
809 1525 978 1603 mortem,
998 1525 1034 1588 et
1053 1516 1182 1588 deinde
1199 1518 1323 1612 eujus-

365 1634 448 1706 dam
473 1634 641 1706 monialis
668 1633 775 1706 foedis
804 1634 1031 1729 amplexibus
1059 1642 1096 1704 et
1124 1633 1324 1708 concubitu

365 1775 472 1822 suurn
498 1751 636 1846 regium
661 1749 839 1824 honorem
863 1749 1025 1836 foedavit,
1053 1773 1169 1846 usque
1196 1750 1241 1823 ad
1266 1750 1324 1846 ip-

365 1867 441 1938 sius
464 1865 714 1961 captivitatem
737 1865 776 1938 in
798 1866 893 1938 bello
916 1864 1122 1940 Pictavensi
1144 1865 1238 1940 infra
1262 1868 1325 1938 de-

366 1982 530 2078 scripto.—

415 2096 566 2170 ANNO
594 2097 732 2171 Christi
760 2099 849 2171 1351
878 2108 914 2171 et
940 2099 1034 2194 regis
1061 2100 1122 2184 25,
1150 2108 1235 2194 post
1262 2123 1325 2172 oe-

365 2223 467 2286 tavas
493 2213 759 2289 Purilioationis
782 2213 945 2310 Virginis
972 2214 1150 2310 gloriosae,
1177 2214 1216 2287 in
1240 2239 1326 2311 par-

364 2331 537 2404 liamento
579 2331 778 2404 Londoniae
821 2330 918 2428 apud
957 2329 1326 2404 Westmonasterium

366 2448 558 2534 celebrato,
593 2449 763 2521 dominus
807 2447 991 2522 Henricus
1033 2447 1130 2520 filius
1174 2446 1326 2520 Henrici

354 2565 510 2639 ‚comitis
553 2564 785 2652 Lanoastriae,
830 2565 907 2661 ipse
950 2587 1071 2637 comes
1114 2563 1324 2651 lincolniae,

320 2675 324 2682 ’
365 2680 583 2770 leicestria,
610 2682 766 2770 Derbiae,
790 2691 826 2755 et
852 2681 1117 2755 Grossimontis
1144 2689 1253 2778 atque
1279 2681 1326 2754 de

367 2798 553 2886 Ferrariis,
570 2799 689 2873 faetus
714 2808 770 2872 est
792 2800 868 2871 dux
890 2797 1121 2884 Lancastriae,
1138 2799 1232 2871 datis
1256 2798 1326 2871 sibi

366 2914 592 2988 libertatibus
623 2925 731 3011 atque
760 2913 957 3012 privilegiis
987 2914 1237 2990 munificentia
1269 2939 1326 2987 re-

368 3032 451 3126 gali,
486 3031 606 3128 qualia
639 3033 762 3105 nullus
797 3032 975 3105 comitum
1008 3031 1177 3104 habebat.
1231 3031 1325 3104 Item

368 3148 536 3221 dominus
559 3148 763 3222 Leuencius
786 3149 830 3220 de
848 3147 1083 3242 Andewerpe,
1103 3148 1197 3242 regis
1215 3149 1325 3236 filine,

367 3263 409 3334 fit
433 3286 554 3335 comes
577 3263 621 3334 de
645 3262 858 3336 Holnestria
879 3263 918 3334 in
941 3261 1129 3350 Hibernia,
1149 3272 1186 3334 et
1209 3265 1326 3336 domi-

368 3403 438 3452 nus
465 3378 626 3452 Joannes
657 3379 701 3451 de
731 3379 907 3451 Gandavo
939 3403 1131 3474 germanus
1162 3381 1252 3477 ejuS,
1282 3381 1326 3453 fit

368 3521 490 3570 comes
512 3495 800 3585 Richemundiae,
819 3507 857 3569 et
880 3497 1050 3570 dominus
1076 3496 1254 3572 Radulfus
1279 3499 1326 3572 de

370 3611 574 3702 Staffordia,
601 3614 740 3710 pridem
764 3615 863 3702 baro,
888 3637 1011 3687 comes
1037 3614 1201 3710 ejusdem
1225 3614 1326 3686 tituli

369 3729 568 3803 creabatur.
621 3731 665 3804 In
689 3732 854 3829 sequenti
877 3730 1164 3827 Quadragesima
1187 3731 1326 3804 domini

370 3845 553 3922 Walterus
581 3849 625 3921 de
651 3848 798 3946 Magne,
817 3859 853 3922 et
879 3849 1061 3923 Robertus
1087 3848 1199 3921 Herle
1225 3847 1325 3944 oapi-

369 3974 496 4040 taneus
523 3963 672 4038 Calesiae
699 3967 907 4061 equitarunt
933 3967 972 4038 in
998 3965 1200 4050 Franciam,
1218 3965 1324 4059 cujus

369 4107 499 4181 magna
521 4085 628 4182 plaga
650 4082 869 4180 depraedata,
884 4083 1106 4157 reduxerunt
1127 4082 1323 4177 pecudum,

370 4200 492 4289 bourn,
520 4202 644 4276 ovium
671 4210 706 4275 et
733 4209 929 4300 porcorum
959 4222 1125 4295 magnam
1156 4198 1322 4295 oopiam;

1530 433 1531 448 r

1528 4485 1531 4508 t

1530 4897 1531 4920 l

1530 4933 1531 4950 l

1530 4957 1531 4980 l
