3136 5016
389 611 436 683 64
652 632 878 682 crisonrcou
899 632 1083 682 clnrmnr
1142 613 1337 703 [balaal

387 755 521 852 galium
547 764 584 829 et
609 757 784 830 comitum
809 756 1029 830 Lancastrise
1055 767 1092 830 et
1117 757 1342 832 Herefordiae
1397 771 1402 780 '

387 873 487 968 apud
511 871 671 945 Bortone
701 897 809 968 super
833 872 1017 959 Trentam‚
1036 872 1173 969 regiam
1198 876 1341 970 praemi-

387 995 535 1059 nentem
552 995 767 1082 potestatem
786 987 935 1060 comites
953 987 1137 1083 fugerunt,
1156 1013 1236 1084 quae
1252 989 1340 1061 heb-

387 1101 540 1174 domada
553 1111 796 1198 consequente
809 1103 1022 1197 permultos
1036 1102 1080 1174 de
1093 1102 1339 1176 Humberlan-

387 1217 458 1301 dia,
469 1217 560 1290 duce
571 1217 718 1290 Andrea
730 1219 775 1290 de
789 1216 985 1312 Harkleye,
995 1218 1108 1289 crevit
1117 1217 1156 1288 in
1167 1242 1338 1314 augmen-

387 1338 477 1403 tum.
502 1332 608 1406 Tunc
624 1333 806 1406 vacillavit
823 1333 1000 1405 baronum
1017 1332 1239 1420 animositas
1252 1357 1337 1406 con-

387 1449 589 1522 sulentibus
606 1449 821 1545 quibusdam
839 1449 936 1542 quod
957 1447 996 1519 in
1016 1448 1110 1543 regis
1132 1448 1285 1543 gratiam
1301 1460 1338 1521 et

386 1561 678 1648 misericordiam,
710 1561 887 1656 promissa
917 1561 1119 1633 reverentia
1147 1570 1184 1634 et
1218 1563 1338 1634 debita

387 1676 620 1771 subjectione,
652 1701 690 1748 se
724 1676 1029 1762 commendarent,
1061 1676 1159 1771 quod
1193 1675 1338 1772 quidem

387 1792 578 1863 consilium
604 1790 819 1862 reddebatur
842 1791 1008 1863 odiosum
1033 1790 1157 1863 comiti
1182 1790 1338 1864 Lances·

369 1907 476 1992 'triae,
496 1929 602 2001 quem
626 1907 678 1978 sic
701 1906 911 1978 securitavit
932 1907 1047 1978 affinis
1072 1907 1239 2000 cognatio
1257 1931 1339 1980 san-

387 2021 506 2115 goinis
532 2022 673 2116 regalis,
693 2020 791 2117 quod
816 2021 958 2092 nullum
983 2019 1234 2109 infortunium,
1254 2023 1339 2117 quia

386 2137 530 2208 nullum
546 2136 708 2223 timebat,
733 2136 855 2232 ipsum
878 2135 1007 2208 terruit
1029 2160 1051 2208 a
1074 2146 1219 2232 coept03
1246 2161 1338 2233 prae·

387 2253 510 2324 sertim
534 2278 647 2349 quum
671 2276 745 2326 non
769 2261 896 2325 contra
918 2276 1051 2347 regem,
1078 2254 1142 2325 sed
1165 2261 1208 2326 ut
1233 2255 1336 2342 dixit,

386 2380 514 2445 eontra
541 2372 643 2468 regni
673 2371 893 2466 proditorem
926 2368 1125 2464 Hugonem
1152 2371 1271 2443 virum
1299 2395 1338 2444 se
1405 2437 1408 2441 .

385 2497 569 2562 armasset.
623 2488 802 2561 Comitem
818 2510 904 2558 vero
922 2484 1337 2573 Herefordiae,Humf1i-

386 2602 475 2675 dum
500 2606 544 2677 de
559 2602 716 2698 bohun,
735 2602 854 2673 virum
879 2624 944 2696 per
967 2601 1089 2674 omnia
1113 2602 1336 2690 bellicosum,

385 2735 537 2815 corpore
564 2719 710 2814 quidem
738 2725 937 2802 strenuum,
965 2725 1087 2790 mente
1115 2719 1336 2793 animosissi-

384 2855 499 2922 mnm,
529 2834 680 2911 consilio
715 2834 802 2906 satis
834 2831 1039 2928 providum,
1069 2837 1247 2931 compulit
1278 2837 1335 2908 in-

384 2958 549 3044 coeptum
568 2949 708 3021 facinus
731 2947 943 3031 continuare
968 2949 1078 3022 timor
1104 2950 1148 3022 de
1172 2953 1334 3047 periculo

383 3063 542 3135 militum
562 3061 784 3156 simplicium
806 3062 844 3133 in
866 3061 920 3134 fas
944 3072 980 3137 et
1002 3062 1102 3136 nefas
1126 3066 1195 3138 sibi
1217 3067 1334 3140 samu·
1384 3053 1385 3056 ¹

382 3177 548 3264 lantium,
576 3199 667 3271 quos
694 3200 769 3249 non
796 3176 872 3248 sine
902 3179 1029 3252 mortis
1059 3181 1249 3277 supplicio,
1274 3185 1333 3256 vel

382 3316 498 3387 usque
516 3291 562 3363 ad
577 3299 773 3385 egestatem
785 3292 1002 3381 redactione,
1020 3303 1211 3390 putaverat
1227 3322 1333 3393 posse

383 3408 458 3503 regi
475 3416 512 3481 et
528 3407 835 3503 dispensatoribus
852 3409 1086 3484 reconciliari.
1132 3411 1238 3485 Unde
1255 3415 1331 3510 pie-

382 3533 467 3611 tate,
498 3549 608 3620 quam
636 3524 764 3598 habuit
794 3526 1006 3610 naturalem,
1037 3551 1233 3622 generosus
1262 3530 1331 3603 iste

381 3664 501 3716 comes
522 3650 725 3715 commotus
747 3641 874 3714 maluit
896 3641 991 3714 bello
1013 3641 1122 3730 vinci,
1141 3653 1178 3716 et
1202 3668 1331 3718 secun-

381 3758 470 3829 dum
495 3757 564 3830 sibi
585 3757 705 3829 visum
730 3758 789 3852 pie
816 3757 921 3843 mori,
945 3781 1053 3851 quam
1076 3782 1144 3853 per
1168 3768 1329 3855 asporta-

380 3875 516 3948 tionem
533 3899 682 3948 suorum
700 3875 998 3960 commilitonum,
1017 3876 1077 3946 vel
1096 3877 1250 3948 carceris
1267 3886 1331 3949 aut

353 3991 478 4064 exilii
510 3991 800 4075 macerationem,
829 4012 895 4060 seu
927 3989 1055 4062 mortis
1088 3991 1329 4086 punitionem,

379 4132 445 4182 sua
465 4117 587 4181 mente
610 4108 672 4201 pia
694 4105 834 4176 diutine
855 4105 1026 4200 torqueri.
1078 4104 1240 4179 Tandem
1262 4107 1330 4178 16το

378 4224 436 4297 die
456 4224 588 4298 mensis
607 4220 733 4294 Martii
749 4219 880 4294 Martis
898 4219 1018 4294 furore
1040 4222 1227 4295 concitant
1245 4246 1328 4318 par·
