3118 5008
388 600 456 671 132
641 618 866 668 cuaorvlcorv
887 599 1134 688 oacru1o1[
1120 599 1212 688 [.Ao
1227 599 1346 670 1338..

384 750 588 822 Galfridum
618 747 745 844 Scrop,
775 747 1046 843 responsionem
1074 749 1168 845 regis
1195 749 1346 846 Anglo-

384 892 469 939 rum
483 877 638 964 tyranno
656 865 885 938 Francorum
897 865 1092 954 delaturoS,
1108 875 1144 940 et
1128 867 1335 940 thabentes

383 982 636 1055 auctoritatem
654 983 697 1054 de
716 1004 805 1076 pace
826 987 920 1055 tract
921 1005 1010 1055 are:
1028 989 1083 1055 tot
1101 991 1137 1054 et
1155 991 1230 1057 tarn
1247 983 1332 1056 rati-

383 1086 542 1173 onabiles
557 1099 757 1171 oblationes
775 1121 963 1191 nunquam
980 1105 1153 1195 poterunt
1170 1096 1334 1170 animum

381 1215 524 1311 tyranni
552 1215 749 1298 demollire,
772 1212 937 1286 habentis
962 1201 1155 1285 fiduciam
1155 1237 1220 1309 per
1244 1238 1342 1286 aux-

381 1331 485 1402 ilium
521 1331 716 1403 Scotorum
749 1352 868 1458 regem
904 1328 948 1400 de
974 1350 1107 1424 regno
1126 1329 1265 1424 Angliae
1296 1338 1342 1402 et.

333 1475 337 1478 ·
382 1447 542 1542 qualibet
589 1471 654 1519 sua
702 1443 930 1541 possessione
973 1453 1038 1540 pot
1040 1452 1142 1517 enter
1183 1445 1331 1520 exhere-

383 1564 640 1752 ἀᾶΓΑβΝΝΟ
610 1678 748 1752 Christi
782 1680 888 1763 1338,
918 1677 1056 1749 domini
1082 1701 1185 1790 papae
1215 1676 1343 1752 Benew

383 1795 483 1880 dicti,
442 1795 617 1889 thujus
641 1793 797 1866 nominis
820 1791 883 1878 xii,
908 1817 1002 1867 anuo
1026 1800 1167 1888 quart,0
1116 1792 1340 1866 t-Edwar

383 1911 456 1984 dus
475 1934 539 1981 rex
556 1908 698 2004 Angliae
722 1909 992 2004 responsionem
1015 1909 1158 2004 tyranni
1175 1907 1333 1982 Franco-

382 2025 572 2119 numqui
607 2023 835 2096 conditiones
869 2048 979 2119 supra
1012 2025 1179 2119 proximo
1212 2025 1335 2100 annali

383 2142 548 2236 scriptas,
568 2141 636 2216 sibi
653 2140 792 2212 oblatas
810 2149 918 2234 atque
936 2141 1144 2213 comitivam
1167 2141 1223 2214 sui
1246 2165 1334 2213 con-

382 2268 438 2336 tra
382 2259 659 2336 tSaracenos
685 2260 833 2357 sprevit,
807 2260 984 2334 tcelerit
968 2267 1024 2333 ter
1049 2260 1157 2356 cepit,
1179 2283 1334 2355 concep-

374 2385 493 2470 ·toque
520 2400 585 2474 per
612 2376 715 2471 signa
739 2375 993 2448 manifestat
957 2384 993 2447 et
1021 2375 1120 2448 relat
1095 2385 1231 2448 tronem
1257 2400 1333 2449 non

383 2491 549 2588 deceptat
551 2491 664 2564 oriam
682 2515 833 2564 suorum
849 2490 1024 2577 fidelium,
1044 2491 1140 2622 quod
1161 2492 1287 2587 praefat
1287 2517 1332 2564 us

383 2615 557 2702 tyrannus
575 2608 620 2682 ad
638 2602 920 2680 destructionem
938 2607 1075 2702 Angliae
1098 2607 1224 2703 piratis
1245 2633 1331 2681 con-

383 2723 513 2810 ductis,
545 2747 648 2796 suam
679 2724 783 2796 milit
759 2733 847 2796 tram
881 2747 956 2795 non
989 2723 1109 2794 minus
1139 2723 1336 2808 ordinavit,

382 2839 497 2912 tutius
516 2837 717 2934 dijudicans
742 2865 806 2912 rex
824 2840 964 2934 Angliae
986 2863 1051 2911 suo
1073 2840 1302 2913 adversario
1292 2865 1332 2912 m

251 3006 258 3012 »
382 2982 493 3052 regno
512 2957 672 3030 Franciae
690 2957 787 3051 quod
805 2957 1021 3044 vendicavit,
1041 2981 1228 3032 occurrere
1254 2959 1330 3030 ani-

382 3097 494 3157 mose,
514 3095 624 3166 quam
643 3071 764 3167 ipsum
788 3072 826 3144 in
844 3072 1014 3168 Angliam
1032 3073 1224 3150 crudeliter
1240 3074 1330 3146 affu-

382 3197 518 3272 turum,
537 3184 740 3259 vecorditer
762 3198 963 3284 expectare,
988 3212 1087 3260 mare
1110 3197 1330 3264 armatorum

381 3303 494 3380 classe
520 3301 697 3387 transivit,
716 3326 811 3375 anno
836 3305 936 3400 regni
960 3329 1016 3377 sur
1006 3303 1173 3400 Angliae
1196 3304 1331 3378 duode

381 3418 488 3503 eimo,
513 3418 551 3489 in
575 3418 733 3513 quodam
757 3420 813 3493 die
831 3420 997 3508 Veneris
1015 3423 1077 3517 qui
1100 3431 1176 3497 erat
1204 3423 1248 3496 17
1272 3446 1330 3496 ca-

379 3534 504 3609 lendas
520 3533 692 3626 Augusti.
747 3536 864 3632 Igitur
884 3563 948 3611 rex
968 3564 1052 3611 cum
1073 3539 1196 3635 regina
1216 3563 1332 3668 praeg-

379 3660 489 3726 nante
506 3660 614 3752 atque
632 3652 772 3726 duabus
789 3654 979 3732 filiabus
949 3678 1027 3749 eJus
1044 3654 1083 3726 in
1100 3656 1213 3730 classe
1226 3655 1331 3750 quiu-

380 3775 568 3862 gestarum
607 3769 755 3846 navium
795 3771 1048 3866 applicuerunt
1082 3770 1179 3865 opud
1208 3771 1331 3846 Ande

378 3907 488 3980 worp,
507 3885 571 3962 ubi
594 3910 679 3957 cum
701 3887 901 3962 honoreet
886 3895 1015 3980 tpace
1041 3883 1188 3978 recepti,
1216 3884 1332 3960 habu-

379 4010 487 4080 erunt
510 4001 654 4077 obviarn
675 4000 922 4074 marchionem
938 3996 1196 4087 Juliacensem,
1215 3999 1331 4076 dorni-

378 4143 468 4199 num
503 4116 604 4191 Mart
589 4116 757 4201 travium,
794 4121 830 4188 et
869 4112 999 4184 ducem
1042 4111 1214 4202 Brabant
1188 4123 1259 4202 t,1ae
1294 4124 1333 4191 et

380 4235 489 4318 comit
490 4258 539 4315 es
474 4231 680 4312 tCelriae
703 4239 740 4306 et
764 4229 954 4319 Hanoniae,
974 4239 1011 4318 et
1034 4231 1122 4305 alios
1146 4241 1333 4326 magnates
