3118 5008
218 601 220 605 ’
251 603 461 695 aulaeo]
502 627 547 676 nn
566 626 694 676 asum
713 627 760 676 nn
779 627 1019 678 swmmronn.
1129 567 1209 678 m.

249 751 352 825 cibus
378 751 549 838 accensis,
579 743 687 825 duxit
717 753 905 826 dominum
940 777 1046 827 suum
1077 753 1198 849 regem

248 890 312 962 per
355 866 538 962 quoddam
575 867 645 940 iter
686 877 866 942 secretum
909 871 1197 957 subterraneum,

249 983 345 1077 quod
363 982 490 1079 incipit
509 1007 530 1056 a
547 983 694 1056 remotis
711 993 814 1057 extra
833 994 994 1058 castrum
1015 995 1054 1058 et
1075 987 1198 1058 termi-

248 1107 357 1171 natur
386 1100 433 1172 ad
462 1100 623 1172 medium
657 1101 833 1194 coquinae,
868 1102 928 1173 vel
961 1102 1053 1174 aulae
1086 1102 1198 1175 turris

248 1215 471 1310 principalis,
489 1215 554 1288 ubi
573 1214 643 1287 fuit
662 1215 846 1311 hospitata
862 1217 996 1310 regina.
1049 1216 1107 1289 De
1123 1239 1197 1290 me-

244 1330 311 1401 'dio
327 1330 438 1426 igitur
455 1329 569 1402 fundo
586 1339 623 1402 et
633 1329 784 1402 'tramite
802 1332 1036 1404 subterraneo
1056 1333 1198 1428 prosili-

250 1456 352 1519 entes
378 1447 471 1543 regis
499 1446 616 1533 amici,
643 1447 692 1518 ad
717 1471 896 1520 cameram
921 1448 1065 1543 reginae,
1091 1471 1200 1543 quam

249 1588 314 1660 per
343 1563 412 1636 Dei
441 1563 593 1660 gratiam
621 1563 838 1637 invenerunt
867 1574 1042 1660 apertam,
1071 1564 1200 1637 armati

251 1680 385 1754 strictis
419 1681 566 1754 ensibus
599 1681 936 1777 proficiscebantur,
972 1705 1056 1777 rege
1089 1681 1200 1753 etiam

250 1807 387 1871 armato
411 1793 514 1871 extra
536 1797 670 1870 ostium
693 1821 854 1883 camerae,
878 1821 924 1870 ne
947 1821 969 1869 a
991 1806 1108 1870 matre
1134 1819 1200 1870 sua

250 1912 443 2000 videretur,
455 1922 680 2009 expectante.
713 1913 1106 2009 Ingressi,000iderunt
1119 1912 1200 1986 Hu-

251 2055 381 2126 gonem
398 2031 441 2103 da
458 2029 684 2127 Turpintone
701 2031 864 2116 militem,
882 2031 1124 2105 resistentiam
1144 2030 1199 2130 eis

250 2147 380 2221 inferre
406 2156 609 2232 conantem,
639 2146 785 2219 domino
811 2146 954 2221 Joanne
982 2148 1027 2220 de
1055 2146 1200 2220 Neville

251 2264 295 2337 de
318 2262 493 2358 Homeby
510 2263 625 2336 ictum
648 2263 836 2358 dirigente.
887 2262 1030 2335 Deinde
1052 2263 1198 2335 invene-

247 2386 337 2452 'runt
359 2379 521 2474 reginam
544 2387 697 2450 matrem
721 2386 884 2474 paratam
910 2378 958 2449 ad
981 2379 1067 2450 lecti
1093 2401 1199 2474 sopo-

251 2519 341 2580 rem,
364 2503 401 2567 et
426 2494 596 2567 comitem
622 2493 796 2566 Marchiae
822 2517 929 2590 quem
954 2494 1136 2582 volebant,
1163 2503 1199 2566 et

251 2619 399 2707 captum
417 2633 542 2682 secum
559 2610 786 2682 abducebant
808 2610 847 2681 in
869 2611 1002 2695 aulam,
1021 2610 1200 2682 clamante

252 2727 376 2822 regina
394 2731 416 2762 “
429 2723 518 2797 Beal
533 2726 610 2812 fitz,
628 2725 709 2798 beal
725 2726 801 2811 fitz,
820 2724 895 2797 eiez
911 2724 1000 2821 pitie
1023 2725 1068 2795 de
1090 2725 1200 2819 gentil

249 2842 482 2914 'Morumea’'
535 2830 749 2937 Suspectam
767 2841 862 2911 enirn
879 2839 1006 2913 habuit
1022 2838 1088 2910 filii
1110 2863 1201 2935 prae-

252 2958 417 3044 sentiam,
436 2981 544 3052 quam
562 2957 668 3029 oculo
685 2980 760 3028 non
777 2955 951 3052 percepit.
998 2954 1203 3027 Mittuntur

252 3073 415 3148 celeriter
439 3097 506 3168 pro
532 3071 693 3144 clavibus
719 3071 840 3158 castri,
868 3095 1011 3144 omnem
1038 3070 1201 3143 firmatu-

252 3214 328 3263 ram
357 3189 429 3262 loci
458 3189 497 3259 in
525 3209 655 3260 manus
685 3187 801 3282 regias
829 3187 1026 3283 capientes,
1058 3186 1123 3260 sed
1151 3186 1202 3259 ita

253 3314 398 3392 secrete,
418 3304 516 3400 quod
540 3303 612 3376 hoc
638 3303 728 3375 nulli
753 3302 874 3399 patuit
899 3307 1002 3375 extra
1027 3312 1198 3388 castrum,

252 3421 322 3494 nisi
342 3421 436 3516 regis
457 3420 592 3493 amicis.
646 3418 690 3490 In
707 3443 838 3492 aurora
854 3418 1013 3491 crastina
1030 3443 1116 3491 cum
1132 3418 1200 3491 hu·

252 3537 343 3610 tesio
365 3545 402 3609 et
424 3535 587 3608 horribili
609 3536 766 3608 clamore
789 3535 869 3631 ipso
892 3535 1023 3608 comite
1044 3534 1200 3608 Lancas-

252 3653 331 3726 triae
350 3652 425 3747 Jam
449 3674 544 3724 caeco
566 3651 783 3735 hutesiante,
806 3651 991 3723 adducunt
1015 3651 1201 3747 Rogemm

253 3768 297 3840 da
320 3766 472 3839 Mortuo
494 3765 586 3837 mari
609 3774 646 3837 et
669 3766 844 3860 quosdam
862 3765 951 3839 alios
968 3767 1105 3840 amicos
1122 3769 1200 3863 ejus

253 3908 376 3958 secum
402 3891 528 3979 captos
550 3905 615 3991 per
638 3881 880 3979 Lwhtobergh
906 3891 943 3956 et
968 3882 1200 3958 leicestriam

252 4025 367 4096 usque
393 3999 632 4087 londoniam,
658 3999 723 4072 ubi
751 3999 790 4071 in
817 4009 916 4073 turre
945 4008 989 4072 ut
1018 3999 1200 4094 quondam

253 4116 452 4210 antiquitus
478 4116 613 4189 carceri
638 4116 878 4212 mancipatus,
897 4123 934 4187 et
959 4112 1057 4208 apud
1078 4111 1200 4184 West-

254 4231 511 4305 monasterium
541 4231 720 4304 assidente
750 4230 852 4325 regni
881 4226 1131 4325 parliamento,
1163 4226 1201 4297 in
