3110 5026
373 607 442 677 184
606 625 838 678 ,canonicor
857 625 1044 676 canrmnr
1103 603 1196 693 [An.
1214 603 1322 680 1347.

369 753 560 848 marchias,
585 777 677 849 quas
704 762 828 848 tamen
856 762 1002 849 treugas
1029 750 1132 824 Scoti
1159 752 1191 826 si
1217 754 1323 826 volu·

368 869 473 957 erint,
508 869 671 965 poterint
700 869 907 966 infringere,
941 893 1010 943 nec
1044 869 1166 941 minus
1199 877 1323 942 tamen

367 985 583 1082 interreges
606 993 643 1060 et
666 985 755 1059 alios
778 987 817 1058 in
840 986 891 1059 eis
915 986 1197 1083 comprehensos
1214 993 1322 1058 erunt

368 1102 577 1176 observatae.
630 1100 724 1175 Item
757 1103 804 1176 ad
837 1102 1089 1176 intemeratam
1118 1101 1322 1198 custodiam

273 1247 282 1267 =
368 1218 522 1292 istarum
539 1227 761 1316 treugarum,
780 1219 1014 1315 sintjudioes
1038 1218 1240 1315 specialiter
1260 1217 1322 1304 de-

367 1334 500 1431 putati,
521 1360 587 1432 per
604 1359 696 1432 quos
718 1336 777 1409 vel
799 1360 865 1432 per
886 1334 1059 1432 regessit
1082 1343 1321 1430 praecautum,

369 1450 467 1545 quod
496 1451 527 1524 si
556 1452 704 1546 aliquod
730 1451 958 1525 contrarium
985 1450 1065 1524 istis
1092 1451 1229 1547 treugis
1256 1474 1322 1547 per

369 1565 526 1662 aliquem
540 1567 656 1658 ,luerit
679 1574 910 1656 attentatum,
928 1568 975 1640 ad
998 1575 1136 1640 statum
1158 1567 1322 1642 debitum

368 1689 504 1778 treugae
522 1682 595 1755 sint
612 1681 826 1771 reformatae,
846 1707 916 1756 nec
938 1690 1089 1780 propter
1109 1683 1246 1779 aliquid
1269 1683 1321 1756 eia

369 1798 593 1871 contrarium
617 1797 755 1871 factum
782 1799 856 1872 sint
882 1799 1004 1872 fractae
1030 1798 1131 1895 ipsae,
1158 1797 1322 1871 articulis

368 1921 491 1985 tamen
521 1911 682 1985 Scotiam
712 1914 945 2013 tangentibus
977 1938 1045 2012 suo
1078 1915 1206 1987 robore
1239 1937 1321 2009 per-

368 2028 559 2100 mansuris.
611 2027 706 2101 Item
722 2030 1057 2126 judices-assignati
1079 2032 1127 2104 ad
1148 2030 1321 2104 reforma-

369 2143 506 2244 tionem
531 2143 737 2223 violationis
765 2147 918 2239 istarum
945 2156 1166 2243 treugamm,
1196 2147 1227 2220 si
1256 2147 1321 2219 ali-

369 2283 479 2356 quam
507 2260 586 2333 fieri
615 2263 814 2360 contingat,
842 2264 959 2362 ipsam
987 2264 1029 2362 in
1056 2264 1146 2337 locis
1175 2263 1222 2336 ad
1250 2262 1321 2338 hoc

369 2377 526 2450 maxime
559 2379 793 2476 opportunis,
823 2388 860 2453 et
892 2403 939 2452 ex
957 2401 1121 2452 ,assensu
1160 2379 1322 2475 partium

370 2494 492 2591 electis
511 2496 682 2569 studeant
700 2496 882 2569 resarcire.
935 2493 1119 2568 Caeterum
1140 2496 1180 2568 in
1202 2495 1321 2570 causis

369 2610 521 2692 istarum
543 2620 755 2708 treugarum
774 2612 985 2686 firmitatem
1007 2613 1320 2700 concernentibus,

370 2726 444 2801 sint
466 2727 607 2822 judices
635 2728 848 2817 constituti„
864 2727 1153 2802 constabularius
1180 2739 1217 2801 et
1243 2752 1319 2800 rna-

369 2846 543 2918 rescallus
559 2844 713 2942 Angliae,
730 2855 768 2920 et
790 2870 914 2942 comes
939 2846 1171 2943 Lancastriae‚
1195 2855 1232 2919 et
1258 2847 1322 2919 do-

368 2961 491 3034 minus
509 2961 796 3045 Bartholomaeus
820 2964 865 3035 de
887 2962 1138 3058 Bourghasch‚
1157 2971 1322 3058 exparte

369 3078 462 3172 regIs
486 3077 637 3178 Angliae.
692 3079 786 3152 Item
812 3079 1099 3152 constabularius
1125 3089 1162 3151 et
1186 3101 1322 3151 mares-

370 3192 659 3268 callus'Franciae
682 3205 720 3266 et
743 3218 864 3267 comes
887 3194 1076 3278 Dattoens,
1096 3201 1133 3263 et
1150 3193 1323 3269 dominus

371 3305 555 3379 Galfridus
582 3309 626 3380 de
650 3307 808 3402 Chamy,
827 3332 873 3379 ex
898 3315 1000 3402 parte
1026 3306 1120 3401 regis
1145 3305 1319 3384 Franciae.

323 3463 326 3468 -
369 3422 523 3519 Insuper
545 3432 600 3495 est
621 3422 842 3509 ordinatum,
860 3423 958 3518 quod
981 3430 1119 3519 treugae
1143 3422 1222 3496 istae
1247 3426 1321 3501 sint

369 3538 513 3634 publice
538 3542 768 3636 proclamatae
795 3540 833 3612 in
855 3539 1036 3613 Gasconia
1058 3549 1096 3612 et
1117 3523 1319 3631 Britannia,

368 3654 463 3727 infra
483 3655 579 3728 diem
596 3656 822 3748 vicesimum,
842 3667 878 3731 et
898 3659 936 3730 in
960 3657 1083 3732 Scotia
1107 3659 1200 3733 infra
1222 3661 1321 3734 diem

369 3771 595 3868 tricesimum
636 3798 659 3847 a
701 3774 758 3846 die
801 3774 1085 3849 confirmationis
1124 3777 1319 3852 earundem

369 3897 591 3985 treugarum,
616 3891 704 3988 ipsis
726 3915 842 3987 usque
865 3893 912 3965 ad
935 3892 1068 3992 festum
1091 3894 1208 3967 sancti
1229 3893 1319 3966 Bar-

353 4008 471 4104 'nabae
513 4008 668 4105 apostoli
710 4008 917 4106 proximum
956 4033 1110 4106 sequens
1143 4012 1320 4085 duntaxat

368 4124 545 4199 valituris.

422 4239 497 4314 Sub
527 4240 596 4314 hac
626 4240 736 4336 igitur
765 4241 882 4316 forma
912 4242 1048 4338 treugis
1082 4242 1176 4315 inter
1209 4266 1320 4338 regna
