3118 5008
237 643 313 693 sn.
326 621 448 713 lasa]
489 644 534 692 na
554 643 681 694 causa
701 644 747 692 nu
767 643 1008 735 swmnaorm.
1114 617 1184 692 177

236 771 345 867 paulo
368 780 453 868 post
475 773 736 869 crepusculum
747 773 933 846 flammam
950 772 1046 868 ignis
1063 772 1186 845 claris-¹

236 887 365 960 siniam
388 889 482 962 cum·
497 888 636 986 ingenti
661 913 797 988 pompa
819 889 1062 962 clamantium
1078 897 1187 984 atque

236 1004 418 1092 tubarum,
457 1014 715 1102 tympanorum
748 1009 965 1101 quoquest
997 1004 1185 1090 lituorum,
1242 1063 1245 1070 .

236 1119 362 1192 versus
391 1120 592 1193 exercitum
623 1118 847 1222 Gallicorum
881 1119 925 1192 de
959 1118 1188 1193 eminentiori

237 1227 331 1305 turri
354 1232 566 1307 levaverunt
590 1259 656 1331 per
680 1235 851 1308 medium
864 1235 985 1308 unius'
1000 1235 1098 1308 horae
1121 1236 1188 1307 du-

237 1352 389 1421 rantem.
444 1347 622 1422 Secunda
641 1359 748 1424 nocte
777 1351 963 1424 flammam
993 1349 1189 1423 consimili-

237 1469 305 1550 ter,
325 1464 388 1536 sed
411 1463 523 1560 priori
548 1465 659 1561 paulo
683 1466 897 1563 parciorem,
917 1490 1002 1539 cum
1027 1466 1190 1537 tumultu

238 1561 412 1652 mediocri
428 1585 685 1677 porre'xe'rrmt·
721 1581 846 1674 Tertia
860 1606 946 1655 vero
964 1591 1071 1656 nocte
1087 1581 1189 1653 fiam-

238 1719 337 1771 mam
357 1697 462 1768 valde
484 1705 632 1770 tenuem
653 1706 690 1771 et
714 1698 776 1770 vix
798 1700 827 1770 a'
838 1695 988 1771 Gallicis
1011 1695 1191 1794 percepti-

238 1812 348 1886 bilem
365 1815 450 1884 cum
467 1815 557 1886 voce
573 1812 719 1908 lugubri
736 1823 775 1886 et
790 1813 978 1887 humiliter
998 1812 1190 1900 submissa,

239 1928 342 2025 qu'asi
366 1930 432 2028 per
457 1952 568 2001 unam
594 1929 721 2003 horam
747 1939 964 2027 porrectam,
991 1930 1030 2002 in
1055 1929 1189 2003 fossam

240 2045 348 2118 castri
370 2046 497 2119 cadere
515 2045 774 2143 permiserunt,
796 2046 964 2142 per‘hae'c
987 2045 1192 2142 significan·

239 2165 296 2232 tes
322 2184 426 2236 suam
452 2160 654 2258 potentiam
683 2161 730 2234 ad
759 2162 1070 2235 conservationem
1096 2160 1192 2233 villae

239 2275 350 2350 fuisse
374 2277 527 2364 finitam,
556 2285 593 2348 et
622 2277 749 2349 eadem
778 2286 894 2349 nocte
912 2277 1035 2349 omnia
1060 2277 1193 2350 vexilla

240 2393 371 2487 practer
393 2390 658 2464 stationardum
683 2391 938 2486 recolligerunt
959 2393 1019 2464 vel
1040 2416 1191 2487 pompa3

239 2507 312 2578 tice
329 2505 374 2576 de
391 2512 521 2578 caetero
537 2514 728 2602 praetenso.
783 2505 949 2579 Tandem
965 2505 1194 2601 appropiavit

241 2621 318 2695 dies
334 2620 498 2707 bellicus,
517 2645 627 2716 quem
643 2620 837 2716 de'Anglia
858 2627 896 2694 et
918 2620 1043 2717 lingua
1058 2621 1193 2695 Teuto-

241 2737 330 2810 nica'
348 2735 616 2810 insubsidium
641 2735 735 2832 regis
763 2741 1041 2833 congres'soru'm
1067 2738 1193 2809 decem

241 2862 278 2925 ct
312 2857 462 2948 septem
482 2851 593 2948 milia·
610 2850 778 2924 virorum
802 2860 1066 2948 praevenerunt,
1097 2852 1194 2924 unde

242 2967 402 3042 secunda
421 2968 479 3040 die
503 2967 638 3039 mensis
654 2967 826 3064 Augusti,
845 2976 1021 3064 tyrannus
1038 2967 1195 3040 Franco-

109 3173 112 3178 ,
243 3109 327 3158 rum
342 3085 468 3158 videns
491 3083 693 3180 potentiam
715 3083 810 3178 regis
834 3089 992 3169 auctam,
1004 3082 1050 3154 in
1067 3071 1197 3154 aurora

243 3202 324 3274 diei
336 3224 403 3274 sua
424 3199 580 3282 tentoria
601 3198 748 3294 ignibus
764 3199 973 3296 depascens,
991 3198 1095 3294 signo
1111 3223 1196 3295 pro-

243 3315 337 3389 inde
351 3315 506 3390 funesto=
522 3312 798 3388 obsessis'dato'
816 3315 915 3410 quod
944 3324 1020 3386 non
1048 3313 1198 3387 auderet

243 3431 333 3528 ipsis
355 3437 576 3516 succurrere,
592 3429 801 3504 vecorditer
815 3428 967 3524 aufugit,
986 3429 1099 3524 cujus,
1113 3451 1198 3524 pos-

243 3546 377 3619 teriora
400 3546 593 3620 mactando
615 3554 652 3618 et
675 3545 852 3642 capiendo
877 3544 952 3616 dux
976 3542 1195 3618 Lancastr'iae

242 3669 294 3734 et·
309 3665 431 3734 comes
459 3659 748 3756 Norh'amptonae
776 3659 1029 3757 praeciderunt.
1080 3658 1197 3755 'Iurpi

243 3775 330 3871 fuga
351 3775 496 3872 tyranni
518 3774 741 3873 Francprum
759 3773 1018 3848 Calisieusibus
1041 3773 1196 3849 obsessis

244 3899 441 3987 comperta,
459 3891 537 3986 ejus
556 3890 819 3965 stationardum
837 3901 922 3965 cum
939 3890 1077 3988 ingenti
1092 3891 1196 3962 luctu

244 4006 289 4078 de
311 4006 404 4078 turri
427 4006 466 4079 in
489 4005 629 4082 foveam
653 4007 896 4103 projecerunt,
916 4005 1124 4079 etsabbato
1141 4026 1196 4075 se-

244 4108 382 4217 quenti,
414 4121 561 4195 illorum
587 4124 809 4220 capitaneus,
838 4124 877 4195 in
902 4121 1031 4193 bellica
1059 4119 1198 4214 praxici

246 4238 349 4310 miles
383 4240 541 4312 multum
576 4241 753 4326 eruditus,
784 4247 935 4313 vocatus
964 4237 1126 4311 Joannes
1154 4237 1199 4308 de

701 4378 730 4424 u
