3136 5016
277 590 472 680 cn.11.2l.]
506 613 550 660 nr
570 610 697 660 esraa
717 613 764 660 nc
785 612 1024 664 swrnnaorrr.
1180 591 1225 670 79

276 765 386 814 saevas
409 749 642 836 tempestates
665 742 774 814 maris
800 743 862 814 vix
889 742 1086 830 declinans,
1111 746 1227 841 appli-

276 855 351 927 cuit
370 855 409 926 in
427 853 699 951 Glammorgan,
719 866 755 929 et
779 881 817 930 se
841 858 1026 933 transtulit
1049 860 1096 932 ad
1118 861 1226 933 abba-

255 1043 261 1052 ,
275 971 364 1044 tiam
381 982 417 1045 et
434 981 595 1046 castrum
616 973 660 1046 de
677 971 792 1060 Neth,
810 975 874 1047 ubi
891 973 1145 1061 Wallensium,
1164 976 1226 1072 qui

275 1112 314 1161 se
337 1089 597 1186 promittebant
620 1113 745 1162 secum
761 1091 853 1164 velle
873 1092 988 1164 vitam
1010 1101 1048 1164 et
1070 1103 1228 1167 mortem
1367 1089 1370 1094 ’

277 1215 474 1291 conretare,
486 1205 576 1278 falsa
587 1207 828 1302 promissione
841 1207 996 1281 nimium
1006 1210 1165 1283 confisus
1176 1212 1226 1283 la-

276 1321 410 1394 titavit.
429 1321 569 1416 Regina
575 1321 651 1416 jam
662 1323 791 1395 mulier
802 1324 1054 1418 potentissima
1064 1328 1131 1398 sub
1141 1351 1228 1399 vex-

277 1438 340 1509 illo
366 1437 431 1509 filii
457 1461 530 1510 non
556 1439 678 1511 animo
703 1439 885 1514 malitioso
911 1440 975 1512 sed
999 1444 1093 1514 male
1116 1441 1228 1530 ducti,

276 1563 418 1650 patrem
435 1555 698 1650 prosequentis,
719 1556 830 1650 jussit
852 1557 1052 1630 exercitum
1074 1558 1113 1631 in
1136 1558 1229 1654 regis

276 1671 595 1766 persequutionem
622 1671 840 1767 promoveri,
870 1695 892 1744 a
918 1673 1050 1768 quibus
1077 1698 1229 1770 perven-

277 1796 357 1860 tum
399 1796 455 1860 est
490 1785 685 1874 oxoniam,
719 1788 783 1862 nbi
821 1812 945 1862 coram
980 1790 1228 1879 universitate,

276 1903 513 1998 praesentibus
539 1904 661 1998 regina
686 1913 724 1976 et
744 1929 863 2000 puero
890 1905 982 1977 duce
1008 1905 1227 2002 Aquitaniae,

277 2019 340 2091 sed
353 2018 488 2105 ducto,
513 2017 656 2114 Rogero
683 2043 828 2117 quoque
852 2020 897 2093 de
922 2020 1167 2096 Mortuomari
1193 2032 1230 2095 et

276 2135 355 2208 aliis
381 2135 607 2222 satellitibus
631 2135 841 2232 principalis
868 2135 1094 2212 machinator
1120 2147 1230 2212 tantae

277 2251 399 2338 cladis,
428 2252 547 2324 Adam
574 2250 877 2339 Herefordiensis,
905 2263 1056 2328 vocatus
1091 2255 1230 2352 episco-

277 2392 358 2464 pus,
373 2368 418 2441 de
435 2369 593 2442 adventu
610 2369 743 2463 reginae
760 2377 797 2440 et
814 2391 923 2442 causa
940 2369 1121 2443 exercitus
1138 2372 1231 2466 pub-

277 2484 346 2557 lice
370 2484 591 2580 praedicavit,
616 2507 803 2557 assumens
828 2507 895 2579 pro
922 2484 1094 2571 themate,
1116 2483 1233 2578 Caput

144 2674 146 2678 ,
278 2623 389 2672 meam
407 2599 518 2687 doleo,
537 2621 647 2693 quam
665 2599 921 2671 auctoritatem
937 2600 984 2672 ad
1000 2600 1111 2673 talem
1129 2602 1234 2675 duxit
1322 2611 1325 2618 ’

279 2715 529 2812 quaestionem,
548 2713 646 2809 quod
669 2713 905 2788 auferendum
922 2713 1015 2788 foret
1032 2717 1233 2789 necessario

279 2839 391 2926 caput
406 2828 620 2924 languidum
637 2829 681 2902 de
699 2852 823 2924 regn0,
842 2854 910 2903 nec
926 2831 1010 2904 ullis
1029 2830 1233 2928 Hippocra-

279 2947 328 3021 tis
345 2945 499 3019 vinculis
517 2945 710 3019 salutiferis
728 2945 960 3041 alligandum.
1013 2946 1154 3022 Deinde
1172 2973 1233 3022 ex-

279 3065 434 3137 ercitum
452 3062 687 3136 Gloverniam
702 3071 914 3159 promotum
932 3075 1112 3139 auxerunt
1130 3075 1234 3140 nota-

279 3181 399 3254 biliter
427 3180 536 3252 multi
565 3180 726 3252 boreales
758 3180 891 3276 reginae
925 3182 1230 3277 supervenientes.

279 3297 349 3372 His
383 3297 435 3370 ita
468 3321 506 3369 se
539 3296 769 3382 habentibus,
805 3298 936 3393 vulgus
970 3297 1234 3374 londoniensis

280 3415 411 3509 reginae
435 3422 471 3486 et
493 3412 637 3508 Rogero
662 3413 706 3485 de
727 3411 974 3488 Mortuomari
989 3416 1115 3488 volens
1134 3440 1234 3490 com·
1341 3497 1348 3506 ⁸

280 3530 436 3626 placere,
465 3528 570 3602 bonae
600 3529 784 3602 memoriae
811 3529 1002 3608 dominum
1025 3529 1233 3605 Walterum

280 3644 493 3743 episcopum
525 3643 781 3733 Exoniensem,
815 3649 860 3718 15
894 3646 953 3719 die
985 3644 1160 3723 'Octobris
1195 3648 1234 3720 in

279 3761 400 3835 medio
443 3760 599 3834 civitatis
640 3761 785 3834 furiosae
820 3772 970 3859 captum
1004 3763 1234 3862 decapitavit,

281 3879 458 3975 quosdam
493 3903 637 3975 quoque
671 3878 760 3961 alios
789 3879 871 3974 ,regi
909 3881 1033 3956 fideles
1075 3907 1117 3956 ea
1159 3882 1236 3954 sola

280 4019 389 4069 causa
415 3996 514 4093 quod
541 3997 636 4093 regis
664 3996 866 4070 ministerio
893 3997 1048 4074 fideliter
1074 3997 1234 4070 adhaese-

281 4122 378 4199 runt,
400 4112 572 4186 atrociter
593 4136 759 4188 necuere.
812 4111 935 4208 Caput
959 4136 1046 4184 vero
1072 4111 1236 4208 episcopi

280 4229 411 4326 reginae
441 4231 541 4327 apud
569 4231 805 4305 Gloverniam
831 4252 899 4302 suo
926 4227 1100 4301 exercitui
1129 4227 1234 4302 ineu·-
