3120 5008
228 669 304 716 nn.
324 645 448 737 1346]
479 669 524 717 nn
545 661 673 716 enirn
693 669 740 717 cn
760 662 1004 720 swinenonm
1024 713 1028 716 .
1115 649 1185 724 163

226 801 438 881 sistentibus
461 801 652 898 acquisito,
678 800 812 873 ibidem
839 801 894 874 bis
921 801 1021 874 mille
1045 803 1184 876 cecide-

225 924 312 990 runt
324 918 477 1015 peremti
494 918 618 1014 plures
631 939 741 1013 quam
760 971 768 987 .
790 974 797 990 .
819 971 827 987 .
847 968 856 989 .
875 927 911 990 et
929 919 1053 992 eedem
1077 928 1184 992 nocte

224 1033 311 1106 villa
338 1034 382 1106 de
409 1030 565 1130 Cretoye
589 1043 698 1129 capta
724 1041 762 1108 et
789 1033 998 1124 incinerata,
1025 1036 1183 1132 amplius

225 1175 334 1246 quam
351 1151 505 1224 trecenti
530 1151 755 1246 stipendiarii
772 1149 987 1237 Januenses,
1011 1161 1097 1248 post
1120 1177 1183 1248 pe-

94 1297 96 1306 ·
225 1266 423 1339 riculoeam
448 1265 690 1342 resistentiam
712 1275 928 1337 corruerunt
950 1267 1071 1339 occisi.
1125 1267 1183 1341 Ad

225 1405 421 1479 vesperum
452 1381 522 1454 diei
548 1379 703 1453 Veneris
733 1380 930 1476 sequentis,
962 1403 1045 1477 rege
1075 1403 1184 1478 super

224 1499 313 1574 litus
336 1500 382 1572 de
407 1497 558 1572 Summe
581 1497 773 1583 residente,
791 1497 894 1569 venit
918 1519 1028 1594 super
1052 1499 1182 1595 ripam,

226 1632 337 1713 quarn
360 1625 467 1690 antea
489 1624 740 1714 peragrarunt,
760 1614 951 1711 Philippus
975 1616 1019 1689 de
1038 1615 1184 1690 Valesio

113 1791 115 1796 ,
225 1743 401 1830 tyrannus
420 1734 657 1819 Francorum,
676 1741 713 1804 et
731 1755 816 1805 cum
839 1732 919 1828 ipso
942 1743 1043 1830 reges
1065 1731 1183 1807 Bobe-

225 1852 305 1924 miae
330 1862 368 1925 et
393 1851 593 1948 Malogriee,
623 1872 709 1925 cum
738 1850 902 1923 exercitu
924 1847 1182 1924 innumerabili

226 1966 265 2040 in
293 1968 389 2042 acies
419 1976 502 2041 octo
532 1989 681 2064 magnas
713 1967 841 2040 diviso.
896 1965 1028 2040 Gallici
1059 1991 1182 2064 regem

225 2091 262 2158 et
287 2082 461 2180 Anglicos
488 2085 643 2190 superbe
668 2085 975 2171 exclamaverunt,
1003 2084 1181 2158 militibus

224 2201 395 2296 utrinque
417 2202 456 2274 in
479 2201 573 2274 vado
596 2207 633 2273 et
656 2224 767 2296 super
789 2201 894 2273 littus
917 2224 1018 2274 more
1043 2225 1181 2296 guerrae

223 2317 553 2390 hastiludiantibus.
607 2315 685 2388 Rex
713 2317 813 2388 misit
840 2325 997 2412 tyranno
1026 2318 1181 2390 offerens

222 2433 417 2532 pacificum
440 2440 477 2506 et
499 2433 707 2506 indemnem
730 2432 925 2504 transitum
946 2455 1013 2527 per
1032 2434 1180 2520 vadum,

222 2551 271 2624 ad
291 2549 497 2645 eligendum
520 2550 590 2623 eibi
611 2550 733 2622 locum
756 2557 881 2645 aptum
898 2549 1006 2637 belm,
1025 2550 1090 2622 sed
1110 2549 1181 2622 for.

222 2667 425 2741 midolosus
443 2666 503 2740 ille
521 2666 724 2764 Philippus,
741 2666 805 2762 qui
829 2689 868 2738 se
893 2673 999 2738 antea
1020 2665 1181 2739 minaba-

222 2794 285 2858 tur
311 2784 594 2882 insequuturum
617 2807 753 2880 regem,
778 2782 897 2856 noluit
920 2790 1009 2856 tunc
1031 2783 1180 2870 bellurn,

222 2901 287 2973 sed
312 2901 416 2995 quasi
443 2901 490 2973 ad
516 2901 628 2974 ulium
653 2901 777 2973 locum
802 2921 936 2995 aquam
962 2898 1181 2972 transiturus

222 3013 435 3105 divertebat,
454 3024 491 3090 et
514 3039 578 3089 rex
602 3017 724 3113 ipsum
746 3017 962 3114 expectabat
982 3040 1048 3113 per
1065 3023 1180 3088 totam

223 3141 380 3207 noctem.
433 3133 478 3206 In
500 3133 672 3222 crastino,
696 3131 835 3207 scilicet
856 3134 916 3207 die
939 3133 1092 3220 sabbati,
1116 3157 1179 3206 rex

223 3249 408 3345 promovit
449 3271 558 3324 suum
600 3251 802 3324 exercitum
840 3250 886 3324 ed
926 3265 1099 3346 campum
1134 3251 1179 3322 de

223 3365 358 3454 Cressi,
376 3368 440 3440 ubi
460 3368 620 3441 obviavit
640 3368 674 3439 ei
698 3367 879 3440 exercitus
897 3367 1054 3464 tyranni.
1109 3366 1180 3460 Igi-

224 3492 285 3557 tur
306 3499 369 3556 rex
392 3502 536 3580 semper
556 3484 602 3556 ad
627 3483 792 3579 praelium
814 3490 1050 3578 praeparatus,
1069 3489 1106 3553 et
1123 3481 1179 3553 sui

225 3600 406 3673 exercitus
430 3599 506 3672 acie
529 3599 647 3696 primu
668 3597 826 3694 principi
842 3597 984 3670 Welliae
1001 3597 1077 3670 filio
1095 3598 1179 3670 sub-

225 3716 402 3804 ordinate,
421 3715 588 3809 custodie
605 3715 773 3788 secundae
788 3714 909 3801 missa,
928 3714 1074 3787 tertiam
1096 3739 1179 3786 cus-

224 3833 362 3905 todiam
397 3832 465 3906 sibi
497 3832 669 3918 retinens,
700 3829 824 3906 omnia
858 3828 937 3903 Dee
970 3839 1007 3904 et
1036 3824 1180 3924 Virgini

225 3950 339 4023 beatae
356 3949 638 4036 commendavit,
651 3950 844 4022 observato
860 3947 961 4044 quod
978 3942 1035 4020 sui
1053 3967 1179 4017 omnes

224 4061 365 4164 pedites
385 4069 562 4141 insultum
579 4067 749 4141 hostilem
765 4066 1017 4164 expectabant,
1037 4063 1180 4135 dextra·

225 4183 289 4256 riis·
311 4193 349 4257 et
371 4185 540 4258 cursariis
557 4207 643 4258 cum
660 4183 880 4256 victualibus
896 4179 1079 4252 venationi
1095 4179 1180 4252 hos·

225 4300 320 4374 tium
342 4301 578 4399 fugitivorum
601 4300 802 4374 reservatis.
857 4295 1048 4381 Exercitus
1068 4295 1181 4370 Fran-

679 4441 700 4486 1.
719 4419 742 4487 2
