3118 5008
213 623 423 723 a.n.1326.]
467 646 511 694 nu
531 645 659 694 saxna
679 645 726 692 nn
743 571 986 696 swrunnoxn.
1117 625 1165 698 93

211 777 359 862 nolite,'’
384 786 421 849 et
444 776 606 849 secunda
621 799 667 848 ex
684 774 762 847 aliis
780 775 908 862 tribuS,
928 773 1068 848 scilicet
1085 775 1165 848 istis

211 893 368 966 “timere
380 893 518 965 bonum
532 895 623 980 est,''
641 893 732 965 nulli
749 893 908 988 perfidiae
921 893 1067 967 videtur
1083 918 1164 989 per-

211 1009 383 1094 suadere;
415 1009 479 1081 sed
508 1017 712 1105 receptores
739 1008 938 1094 literarum,
968 1033 1060 1106 quos
1090 1033 1165 1082 non

194 1121 318 1198 latuit
334 1125 477 1197 animus
496 1123 723 1221 episcopalis,
742 1127 844 1197 aliter
861 1125 1046 1221 sophisma
1066 1150 1164 1199 com-

210 1250 457 1327 mutaverunt,
487 1241 626 1313 scilicet
655 1241 699 1312 ad
731 1265 877 1313 sensum
907 1242 1026 1314 istud:
1058 1241 1164 1315 “Ed-

210 1357 373 1430 wardum
397 1356 560 1431 occidere
585 1356 697 1429 nolite
720 1356 882 1443 timere,'’
907 1367 943 1429 et
968 1369 1057 1431 tunc
1083 1359 1166 1432 sub-

208 1474 412 1568 junxerunt
434 1471 597 1567 legende,
621 1472 792 1544 “bonum
816 1474 909 1558 est‚''
932 1474 1068 1547 malum
1091 1473 1165 1547 dic-

211 1600 335 1663 tamen
365 1587 502 1662 conscii
532 1588 576 1660 de
606 1589 715 1675 malo,
747 1613 821 1660 non
856 1589 1038 1677 dictantis,
1073 1591 1166 1664 male

211 1723 481 1788 accentuantes.
536 1713 619 1786 Tali
648 1713 869 1818 sophismate
899 1738 988 1788 usus
1016 1723 1072 1787 est
1098 1714 1166 1788 iste

212 1825 371 1905 callidus⁵
381 1831 689 1928 sophista,·sciens
705 1832 803 1929 quod
821 1831 898 1905 sine
914 1832 974 1904 sui
990 1831 1166 1929 inscripto

211 1972 391 2022 consensu
419 1973 495 2020 non
525 1947 708 2020 audebant
737 1956 979 2044 exequutores
1010 1949 1165 2022 crudelis

211 2065 372 2138 mandati
388 2064 604 2138 Edwardum
625 2064 799 2152 occidere,
817 2090 863 2139 ne
887 2066 965 2139 sine
985 2064 1165 2139 consensu

212 2181 390 2276 majorum
420 2181 464 2252 de
494 2205 605 2275 regno
636 2181 830 2276 aliquando
857 2180 977 2254 forent
1005 2181 1165 2255 accusati

211 2295 283 2368 hoc
299 2295 436 2369 fecisse.
473 2296 678 2392 Episcopus
695 2321 782 2369 vero
799 2297 839 2368 in
856 2321 981 2369 necem
998 2297 1166 2371 Edwardi

212 2412 367 2485 finaliter
384 2412 656 2498 determinatus
675 2419 711 2484 et
734 2412 885 2506 provide
909 2413 977 2483 sibi
999 2413 1071 2508 ipsi
1093 2414 1165 2485 for-

213 2529 309 2600 sitan
337 2528 542 2600 accusando
573 2528 617 2598 de
646 2551 828 2599 consensu
856 2527 1016 2622 providit
1046 2538 1167 2600 caute-

212 2647 302 2731 lose,
320 2653 364 2716 ut
386 2644 512 2716 eadem
535 2643 730 2715 auctoritas
753 2644 811 2715 sui
832 2642 1037 2716 mandantis
1061 2643 1168 2716 affec·

214 2763 357 2834 tionum
375 2759 635 2833 contrariarum
654 2758 871 2854 expressiva,
888 2783 963 2830 uno
980 2754 1089 2830 modo
1107 2783 1167 2830 ex-

213 2878 345 2974 posita,
362 2877 421 2949 vel
447 2884 635 2948 attenuata
657 2875 833 2948 animaret
856 2874 988 2948 stultos
1011 2876 1050 2947 in
1072 2901 1168 2948 mor·

213 3003 287 3066 tem
317 2993 533 3079 innocentie,
565 2993 628 3065 sed
658 2992 725 3065 sub
755 2992 827 3064 alio
861 3016 970 3064 sensu
985 3035 987 3040 ,
1000 2990 1168 3065 facinoris

214 3112 308 3184 tanti
331 3110 452 3207 ipsum
474 3110 675 3182 immunem
698 3108 832 3182 iaceret
854 3109 987 3205 putari,
1006 3109 1103 3204 quod
1126 3118 1168 3181 ut

214 3227 285 3299 fuit
326 3227 524 3323 cogitatum
560 3225 712 3321 contigit
747 3225 791 3297 de
825 3225 933 3298 facto.
1001 3223 1169 3322 Denique

218 3342 386 3415 Edwardi
414 3342 664 3415 interfectores
694 3350 864 3438 putantes
898 3341 1050 3438 proinde
1079 3343 1168 3414 arni-

216 3459 338 3532 citiam
371 3457 532 3531 Isabellae
562 3468 598 3531 et
628 3459 790 3555 episcopi
820 3458 1009 3556 sophistici
1038 3459 1168 3556 decep-

140 3579 143 3586 ’
215 3575 305 3647 toris
335 3597 420 3669 erga
449 3597 487 3646 se
516 3573 628 3647 luisse
659 3574 921 3661 confirmatam,
953 3575 1170 3649 invenerunt

216 3689 318 3762 illam
340 3698 378 3762 et
402 3689 616 3786 episcopum
638 3689 817 3762 ferventes
838 3699 1022 3762 exactores
1041 3691 1170 3787 pigno-

217 3804 266 3876 ris
290 3805 341 3877 eis
365 3804 501 3890 traditi,
527 3804 664 3878 scilicet
687 3805 824 3877 domini
846 3804 1024 3892 Edwardi‚
1044 3815 1081 3878 et
1107 3807 1171 3878 sti-

217 3920 390 4016 pendium
417 3921 659 4017 proditorum,
688 3921 826 3994 scilicet
855 3931 1011 3994 mortem
1040 3921 1171 3993 vilissi-

218 4061 314 4109 mam
336 4062 403 4134 pro
424 4039 607 4111 demeritis
630 4039 717 4134 ipsis
739 4039 1010 4113 comminantes.
1063 4036 1172 4108 Unde

220 4153 323 4225 stulti
357 4153 499 4227 confusi
533 4155 620 4250 quid
653 4155 812 4228 facerent
846 4154 1067 4249 ignoravere,
1103 4151 1173 4223 nisi

219 4269 318 4364 quod
345 4270 534 4366 epistolam
563 4270 723 4345 isabellae
751 4282 788 4342 et
816 4270 990 4365 episcopi,
1018 4268 1173 4340 aliorum
