<?xml version="1.0" encoding="UTF-8"?>
<!DOCTYPE html PUBLIC "-//W3C//DTD XHTML 1.0 Transitional//EN"
    "http://www.w3.org/TR/xhtml1/DTD/xhtml1-transitional.dtd">
<html xmlns="http://www.w3.org/1999/xhtml" xml:lang="en" lang="en">
 <head>
  <title>
</title>
<meta http-equiv="Content-Type" content="text/html;charset=utf-8" />
  <meta name='ocr-system' content='tesseract 3.04.00' />
  <meta name='ocr-capabilities' content='ocr_page ocr_carea ocr_par ocr_line ocrx_word'/>
</head>
<body>
  <div class='ocr_page' id='page_1' title='image "./galfridilebaker00gilegoog_0274.png"; bbox 0 0 3110 5026; ppageno 0'>
   <div class='ocr_carea' id='block_1_1' title="bbox 349 623 1303 727">
    <p class='ocr_par' dir='ltr' id='par_1_1' title="bbox 349 623 1303 727">
     <span class='ocr_line' id='line_1_1' title="bbox 349 623 1303 727; baseline -0.007 -13"><span class='ocrx_word' id='word_1_1' title='bbox 349 642 423 717; x_wconf 88' lang='grc'>270</span> <span class='ocrx_word' id='word_1_2' title='bbox 601 649 1034 710; x_wconf 73' lang='lat' dir='ltr'>onnouroouorurnrnr</span> <span class='ocrx_word' id='word_1_3' title='bbox 1093 623 1303 727; x_wconf 68' lang='lat' dir='ltr'>[nnll356.</span> 
     </span>
    </p>
   </div>
   <div class='ocr_carea' id='block_1_2' title="bbox 265 785 1308 3211">
    <p class='ocr_par' dir='ltr' id='par_1_2' title="bbox 265 785 1308 3211">
     <span class='ocr_line' id='line_1_2' title="bbox 349 785 1307 885; baseline -0.007 -21"><span class='ocrx_word' id='word_1_4' title='bbox 349 793 393 864; x_wconf 89' lang='lat' dir='ltr'>de</span> <span class='ocrx_word' id='word_1_5' title='bbox 428 789 542 885; x_wconf 89' lang='lat' dir='ltr'>Sully.</span> <span class='ocrx_word' id='word_1_6' title='bbox 602 787 767 884; x_wconf 82' lang='lat' dir='ltr'>Corpora</span> <span class='ocrx_word' id='word_1_7' title='bbox 801 811 946 883; x_wconf 92' lang='lat' dir='ltr'>quoque</span> <span class='ocrx_word' id='word_1_8' title='bbox 981 793 1125 882; x_wconf 88' lang='lat' dir='ltr'>reperta</span> <span class='ocrx_word' id='word_1_9' title='bbox 1157 785 1307 858; x_wconf 79' lang='lat' dir='ltr'>fuerunt</span> 
     </span>
     <span class='ocr_line' id='line_1_3' title="bbox 348 901 1305 992; baseline -0.007 -11"><span class='ocrx_word' id='word_1_10' title='bbox 348 907 564 992; x_wconf 86' lang='lat' dir='ltr'>occisorum,</span> <span class='ocrx_word' id='word_1_11' title='bbox 591 905 695 978; x_wconf 88' lang='lat' dir='ltr'>ducis</span> <span class='ocrx_word' id='word_1_12' title='bbox 720 905 766 976; x_wconf 86' lang='lat' dir='ltr'>dc</span> <span class='ocrx_word' id='word_1_13' title='bbox 791 903 977 988; x_wconf 90' lang='lat' dir='ltr'>Burbone,</span> <span class='ocrx_word' id='word_1_14' title='bbox 1001 903 1105 976; x_wconf 87' lang='lat' dir='ltr'>ducis</span> <span class='ocrx_word' id='word_1_15' title='bbox 1130 901 1305 990; x_wconf 87' lang='lat' dir='ltr'>Datenes,</span> 
     </span>
     <span class='ocr_line' id='line_1_4' title="bbox 348 1017 1306 1106; baseline -0.005 -10"><span class='ocrx_word' id='word_1_16' title='bbox 348 1021 606 1097; x_wconf 82' lang='lat' dir='ltr'>constabularii</span> <span class='ocrx_word' id='word_1_17' title='bbox 647 1020 821 1106; x_wconf 83' lang='lat' dir='ltr'>Franoiae,</span> <span class='ocrx_word' id='word_1_18' title='bbox 864 1019 1066 1096; x_wconf 74' lang='lat' dir='ltr'>marescalli</span> <span class='ocrx_word' id='word_1_19' title='bbox 1100 1019 1145 1090; x_wconf 89' lang='lat' dir='ltr'>de</span> <span class='ocrx_word' id='word_1_20' title='bbox 1179 1017 1306 1091; x_wconf 84' lang='lat' dir='ltr'>Claro-</span> 
     </span>
     <span class='ocr_line' id='line_1_5' title="bbox 348 1138 1306 1234; baseline -0.007 -18"><span class='ocrx_word' id='word_1_21' title='bbox 348 1150 484 1229; x_wconf 88' lang='lat' dir='ltr'>monte,</span> <span class='ocrx_word' id='word_1_22' title='bbox 514 1141 651 1214; x_wconf 89' lang='lat' dir='ltr'>domini</span> <span class='ocrx_word' id='word_1_23' title='bbox 680 1138 871 1213; x_wconf 84' lang='lat' dir='ltr'>Godefridi</span> <span class='ocrx_word' id='word_1_24' title='bbox 900 1141 945 1212; x_wconf 88' lang='lat' dir='ltr'>de</span> <span class='ocrx_word' id='word_1_25' title='bbox 975 1138 1136 1234; x_wconf 88' lang='lat' dir='ltr'>Chamy,</span> <span class='ocrx_word' id='word_1_26' title='bbox 1167 1138 1306 1212; x_wconf 90' lang='lat' dir='ltr'>domini</span> 
     </span>
     <span class='ocr_line' id='line_1_6' title="bbox 350 1253 1305 1354; baseline -0.005 -23"><span class='ocrx_word' id='word_1_27' title='bbox 350 1260 395 1332; x_wconf 89' lang='lat' dir='ltr'>de</span> <span class='ocrx_word' id='word_1_28' title='bbox 428 1257 564 1344; x_wconf 88' lang='lat' dir='ltr'>Pomis,</span> <span class='ocrx_word' id='word_1_29' title='bbox 599 1256 762 1354; x_wconf 76' lang='lat' dir='ltr'>episcopi</span> <span class='ocrx_word' id='word_1_30' title='bbox 797 1253 1049 1342; x_wconf 71' lang='lat' dir='ltr'>ChalonensiS,</span> <span class='ocrx_word' id='word_1_31' title='bbox 1085 1253 1224 1326; x_wconf 90' lang='lat' dir='ltr'>domini</span> <span class='ocrx_word' id='word_1_32' title='bbox 1261 1254 1305 1326; x_wconf 90' lang='lat' dir='ltr'>de</span> 
     </span>
     <span class='ocr_line' id='line_1_7' title="bbox 350 1371 1306 1470; baseline -0.005 -21"><span class='ocrx_word' id='word_1_33' title='bbox 350 1376 531 1461; x_wconf 82' lang='lat' dir='ltr'>Loundas,</span> <span class='ocrx_word' id='word_1_34' title='bbox 566 1374 705 1447; x_wconf 92' lang='lat' dir='ltr'>domini</span> <span class='ocrx_word' id='word_1_35' title='bbox 739 1374 784 1446; x_wconf 90' lang='lat' dir='ltr'>de</span> <span class='ocrx_word' id='word_1_36' title='bbox 817 1373 1052 1470; x_wconf 86' lang='lat' dir='ltr'>Rippemont,</span> <span class='ocrx_word' id='word_1_37' title='bbox 1088 1371 1227 1448; x_wconf 86' lang='lat' dir='ltr'>domini</span> <span class='ocrx_word' id='word_1_38' title='bbox 1260 1372 1306 1444; x_wconf 93' lang='lat' dir='ltr'>de</span> 
     </span>
     <span class='ocr_line' id='line_1_8' title="bbox 265 1485 1304 1592; baseline -0.006 -27"><span class='ocrx_word' id='word_1_39' title='bbox 265 1487 269 1496; x_wconf 73' lang='grc'><strong><em>’</em></strong></span> <span class='ocrx_word' id='word_1_40' title='bbox 350 1491 549 1592; x_wconf 84' lang='lat' dir='ltr'>Chaveny,</span> <span class='ocrx_word' id='word_1_41' title='bbox 567 1490 705 1564; x_wconf 92' lang='lat' dir='ltr'>domini</span> <span class='ocrx_word' id='word_1_42' title='bbox 734 1491 779 1563; x_wconf 90' lang='lat' dir='ltr'>de</span> <span class='ocrx_word' id='word_1_43' title='bbox 807 1488 926 1577; x_wconf 91' lang='lat' dir='ltr'>Joole‚</span> <span class='ocrx_word' id='word_1_44' title='bbox 956 1488 1094 1562; x_wconf 91' lang='lat' dir='ltr'>domini</span> <span class='ocrx_word' id='word_1_45' title='bbox 1125 1488 1170 1560; x_wconf 93' lang='lat' dir='ltr'>de</span> <span class='ocrx_word' id='word_1_46' title='bbox 1200 1485 1304 1574; x_wconf 89' lang='lat' dir='ltr'>Neel,</span> 
     </span>
     <span class='ocr_line' id='line_1_9' title="bbox 351 1601 1305 1702; baseline -0.006 -21"><span class='ocrx_word' id='word_1_47' title='bbox 351 1608 490 1682; x_wconf 91' lang='lat' dir='ltr'>domini</span> <span class='ocrx_word' id='word_1_48' title='bbox 518 1609 564 1680; x_wconf 92' lang='lat' dir='ltr'>de</span> <span class='ocrx_word' id='word_1_49' title='bbox 590 1606 734 1702; x_wconf 86' lang='lat' dir='ltr'>Aunge,</span> <span class='ocrx_word' id='word_1_50' title='bbox 763 1606 902 1678; x_wconf 92' lang='lat' dir='ltr'>domini</span> <span class='ocrx_word' id='word_1_51' title='bbox 931 1606 976 1678; x_wconf 93' lang='lat' dir='ltr'>de</span> <span class='ocrx_word' id='word_1_52' title='bbox 1005 1604 1141 1678; x_wconf 92' lang='lat' dir='ltr'>Mount</span> <span class='ocrx_word' id='word_1_53' title='bbox 1170 1601 1305 1690; x_wconf 85' lang='lat' dir='ltr'>Johan,</span> 
     </span>
     <span class='ocr_line' id='line_1_10' title="bbox 351 1721 1306 1819; baseline -0.006 -21"><span class='ocrx_word' id='word_1_54' title='bbox 351 1724 490 1798; x_wconf 91' lang='lat' dir='ltr'>domini</span> <span class='ocrx_word' id='word_1_55' title='bbox 519 1722 787 1819; x_wconf 79' lang='lat' dir='ltr'>D’Argentone,</span> <span class='ocrx_word' id='word_1_56' title='bbox 819 1721 957 1796; x_wconf 89' lang='lat' dir='ltr'>domini</span> <span class='ocrx_word' id='word_1_57' title='bbox 986 1722 1031 1794; x_wconf 87' lang='lat' dir='ltr'>de</span> <span class='ocrx_word' id='word_1_58' title='bbox 1061 1721 1211 1806; x_wconf 89' lang='lat' dir='ltr'>Broose,</span> <span class='ocrx_word' id='word_1_59' title='bbox 1242 1722 1306 1794; x_wconf 91' lang='lat' dir='ltr'>do-</span> 
     </span>
     <span class='ocr_line' id='line_1_11' title="bbox 351 1838 1306 1927; baseline -0.003 -14"><span class='ocrx_word' id='word_1_60' title='bbox 351 1841 443 1913; x_wconf 89' lang='lat' dir='ltr'>mini</span> <span class='ocrx_word' id='word_1_61' title='bbox 475 1841 521 1913; x_wconf 93' lang='lat' dir='ltr'>de</span> <span class='ocrx_word' id='word_1_62' title='bbox 554 1839 661 1927; x_wconf 86' lang='lat' dir='ltr'>Raas,</span> <span class='ocrx_word' id='word_1_63' title='bbox 692 1839 828 1912; x_wconf 87' lang='lat' dir='ltr'>domini</span> <span class='ocrx_word' id='word_1_64' title='bbox 863 1840 908 1913; x_wconf 93' lang='lat' dir='ltr'>de</span> <span class='ocrx_word' id='word_1_65' title='bbox 941 1838 1306 1923; x_wconf 87' lang='lat' dir='ltr'>Roohechicheward,</span> 
     </span>
     <span class='ocr_line' id='line_1_12' title="bbox 350 1954 1308 2052; baseline -0.003 -22"><span class='ocrx_word' id='word_1_66' title='bbox 350 1966 387 2030; x_wconf 87' lang='lat' dir='ltr'>et</span> <span class='ocrx_word' id='word_1_67' title='bbox 413 1956 551 2029; x_wconf 91' lang='lat' dir='ltr'>domini</span> <span class='ocrx_word' id='word_1_68' title='bbox 577 1956 622 2028; x_wconf 87' lang='lat' dir='ltr'>de</span> <span class='ocrx_word' id='word_1_69' title='bbox 642 1954 774 2032; x_wconf 88' lang='lat' dir='ltr'>Vilern.</span> <span class='ocrx_word' id='word_1_70' title='bbox 829 1955 968 2030; x_wconf 83' lang='lat' dir='ltr'><strong>Omnes</strong></span> <span class='ocrx_word' id='word_1_71' title='bbox 994 1955 1158 2052; x_wconf 90' lang='lat' dir='ltr'>captivos</span> <span class='ocrx_word' id='word_1_72' title='bbox 1183 1955 1308 2028; x_wconf 86' lang='lat' dir='ltr'>asnis</span> 
     </span>
     <span class='ocr_line' id='line_1_13' title="bbox 350 2061 1305 2168; baseline -0.001 -24"><span class='ocrx_word' id='word_1_73' title='bbox 350 2071 531 2167; x_wconf 83' lang='lat' dir='ltr'>magistris</span> <span class='ocrx_word' id='word_1_74' title='bbox 556 2071 725 2168; x_wconf 86' lang='lat' dir='ltr'>princeps</span> <span class='ocrx_word' id='word_1_75' title='bbox 752 2072 852 2159; x_wconf 88' lang='lat' dir='ltr'>emit,</span> <span class='ocrx_word' id='word_1_76' title='bbox 866 2061 914 2145; x_wconf 72' lang='lat' dir='ltr'>¹et</span> <span class='ocrx_word' id='word_1_77' title='bbox 939 2071 1093 2145; x_wconf 87' lang='lat' dir='ltr'>adduxit</span> <span class='ocrx_word' id='word_1_78' title='bbox 1119 2071 1305 2167; x_wconf 80' lang='lat' dir='ltr'>Burdoga-</span> 
     </span>
     <span class='ocr_line' id='line_1_14' title="bbox 350 2171 1306 2286; baseline 0.002 -28"><span class='ocrx_word' id='word_1_79' title='bbox 350 2171 427 2274; x_wconf 79' lang='lat' dir='ltr'>lim,</span> <span class='ocrx_word' id='word_1_80' title='bbox 463 2185 637 2260; x_wconf 83' lang='lat' dir='ltr'>custodias</span> <span class='ocrx_word' id='word_1_81' title='bbox 672 2211 808 2260; x_wconf 86' lang='lat' dir='ltr'>securae</span> <span class='ocrx_word' id='word_1_82' title='bbox 843 2188 1082 2286; x_wconf 81' lang='lat' dir='ltr'>deputandos.</span> <span class='ocrx_word' id='word_1_83' title='bbox 1144 2186 1306 2283; x_wconf 86' lang='lat' dir='ltr'>Principi</span> 
     </span>
     <span class='ocr_line' id='line_1_15' title="bbox 351 2302 1305 2400; baseline 0 -25"><span class='ocrx_word' id='word_1_84' title='bbox 351 2303 565 2400; x_wconf 79' lang='lat' dir='ltr'>Burdogalis</span> <span class='ocrx_word' id='word_1_85' title='bbox 593 2302 807 2392; x_wconf 80' lang='lat' dir='ltr'>demoranti,</span> <span class='ocrx_word' id='word_1_86' title='bbox 834 2305 934 2377; x_wconf 87' lang='lat' dir='ltr'><strong>misit</strong></span> <span class='ocrx_word' id='word_1_87' title='bbox 959 2304 1108 2378; x_wconf 88' lang='lat' dir='ltr'>nuntios</span> <span class='ocrx_word' id='word_1_88' title='bbox 1133 2302 1305 2400; x_wconf 76' lang='lat' dir='ltr'>prefatus</span> 
     </span>
     <span class='ocr_line' id='line_1_16' title="bbox 353 2418 1305 2516; baseline -0.003 -22"><span class='ocrx_word' id='word_1_89' title='bbox 353 2419 544 2494; x_wconf 86' lang='lat' dir='ltr'>cardinalis</span> <span class='ocrx_word' id='word_1_90' title='bbox 569 2418 886 2516; x_wconf 81' lang='lat' dir='ltr'>Petregoricensis,</span> <span class='ocrx_word' id='word_1_91' title='bbox 913 2429 1043 2516; x_wconf 82' lang='lat' dir='ltr'>petens</span> <span class='ocrx_word' id='word_1_92' title='bbox 1068 2443 1134 2516; x_wconf 90' lang='lat' dir='ltr'>per</span> <span class='ocrx_word' id='word_1_93' title='bbox 1160 2443 1222 2492; x_wconf 90' lang='lat' dir='ltr'>eos</span> <span class='ocrx_word' id='word_1_94' title='bbox 1250 2443 1305 2491; x_wconf 92' lang='lat' dir='ltr'>se-</span> 
     </span>
     <span class='ocr_line' id='line_1_17' title="bbox 352 2523 1305 2630; baseline 0 -22"><span class='ocrx_word' id='word_1_95' title='bbox 352 2555 484 2608; x_wconf 86' lang='lat' dir='ltr'>curum</span> <span class='ocrx_word' id='word_1_96' title='bbox 510 2535 734 2609; x_wconf 85' lang='lat' dir='ltr'>conductum</span> <span class='ocrx_word' id='word_1_97' title='bbox 760 2523 930 2609; x_wconf 87' lang='lat' dir='ltr'>veniendi</span> <span class='ocrx_word' id='word_1_98' title='bbox 957 2544 995 2607; x_wconf 83' lang='lat' dir='ltr'>ot</span> <span class='ocrx_word' id='word_1_99' title='bbox 1021 2535 1193 2630; x_wconf 81' lang='lat' dir='ltr'>loquendi</span> <span class='ocrx_word' id='word_1_100' title='bbox 1220 2557 1305 2608; x_wconf 88' lang='lat' dir='ltr'>cum</span> 
     </span>
     <span class='ocr_line' id='line_1_18' title="bbox 351 2639 1306 2748; baseline 0.002 -26"><span class='ocrx_word' id='word_1_101' title='bbox 351 2650 537 2747; x_wconf 84' lang='lat' dir='ltr'>principe:</span> <span class='ocrx_word' id='word_1_102' title='bbox 564 2651 713 2724; x_wconf 84' lang='lat' dir='ltr'>tandem</span> <span class='ocrx_word' id='word_1_103' title='bbox 739 2639 901 2739; x_wconf 82' lang='lat' dir='ltr'>obtento,</span> <span class='ocrx_word' id='word_1_104' title='bbox 920 2651 1019 2748; x_wconf 88' lang='lat' dir='ltr'>quod</span> <span class='ocrx_word' id='word_1_105' title='bbox 1036 2650 1177 2747; x_wconf 87' lang='lat' dir='ltr'>petivit,</span> <span class='ocrx_word' id='word_1_106' title='bbox 1195 2674 1306 2724; x_wconf 85' lang='lat' dir='ltr'>excu-</span> 
     </span>
     <span class='ocr_line' id='line_1_19' title="bbox 353 2767 1305 2865; baseline -0.001 -25"><span class='ocrx_word' id='word_1_107' title='bbox 353 2767 448 2840; x_wconf 86' lang='lat' dir='ltr'>savit</span> <span class='ocrx_word' id='word_1_108' title='bbox 470 2790 511 2840; x_wconf 86' lang='lat' dir='ltr'>se</span> <span class='ocrx_word' id='word_1_109' title='bbox 533 2767 683 2840; x_wconf 90' lang='lat' dir='ltr'>domino</span> <span class='ocrx_word' id='word_1_110' title='bbox 706 2767 863 2865; x_wconf 85' lang='lat' dir='ltr'>principi</span> <span class='ocrx_word' id='word_1_111' title='bbox 885 2769 931 2840; x_wconf 92' lang='lat' dir='ltr'>de</span> <span class='ocrx_word' id='word_1_112' title='bbox 952 2791 996 2840; x_wconf 96' lang='lat' dir='ltr'>eo</span> <span class='ocrx_word' id='word_1_113' title='bbox 1016 2768 1115 2863; x_wconf 93' lang='lat' dir='ltr'>quod</span> <span class='ocrx_word' id='word_1_114' title='bbox 1135 2768 1217 2864; x_wconf 89' lang='lat' dir='ltr'>ipso</span> <span class='ocrx_word' id='word_1_115' title='bbox 1236 2767 1305 2839; x_wconf 92' lang='lat' dir='ltr'>mi-</span> 
     </span>
     <span class='ocr_line' id='line_1_20' title="bbox 354 2883 1304 2982; baseline 0 -27"><span class='ocrx_word' id='word_1_116' title='bbox 354 2906 424 2956; x_wconf 92' lang='lat' dir='ltr'>nus</span> <span class='ocrx_word' id='word_1_117' title='bbox 439 2883 579 2958; x_wconf 88' lang='lat' dir='ltr'>utiliter</span> <span class='ocrx_word' id='word_1_118' title='bbox 600 2893 781 2960; x_wconf 83' lang='lat' dir='ltr'>tractante</span> <span class='ocrx_word' id='word_1_119' title='bbox 801 2885 846 2957; x_wconf 91' lang='lat' dir='ltr'>de</span> <span class='ocrx_word' id='word_1_120' title='bbox 868 2908 957 2982; x_wconf 88' lang='lat' dir='ltr'>pace</span> <span class='ocrx_word' id='word_1_121' title='bbox 979 2884 1095 2980; x_wconf 87' lang='lat' dir='ltr'>pridie</span> <span class='ocrx_word' id='word_1_122' title='bbox 1117 2883 1188 2956; x_wconf 87' lang='lat' dir='ltr'>diei</span> <span class='ocrx_word' id='word_1_123' title='bbox 1208 2883 1304 2971; x_wconf 87' lang='lat' dir='ltr'>belli,</span> 
     </span>
     <span class='ocr_line' id='line_1_21' title="bbox 354 2999 1305 3103; baseline 0 -31"><span class='ocrx_word' id='word_1_124' title='bbox 354 2999 520 3095; x_wconf 87' lang='lat' dir='ltr'>quamvis</span> <span class='ocrx_word' id='word_1_125' title='bbox 552 2999 632 3073; x_wconf 87' lang='lat' dir='ltr'>sinc</span> <span class='ocrx_word' id='word_1_126' title='bbox 665 3002 762 3075; x_wconf 86' lang='lat' dir='ltr'>scitu</span> <span class='ocrx_word' id='word_1_127' title='bbox 796 3025 874 3091; x_wconf 88' lang='lat' dir='ltr'>suo,</span> <span class='ocrx_word' id='word_1_128' title='bbox 906 3010 1028 3075; x_wconf 87' lang='lat' dir='ltr'>tamen</span> <span class='ocrx_word' id='word_1_129' title='bbox 1057 3001 1171 3103; x_wconf 90' lang='lat' dir='ltr'>ipsius</span> <span class='ocrx_word' id='word_1_130' title='bbox 1201 3023 1305 3072; x_wconf 90' lang='lat' dir='ltr'>occa-</span> 
     </span>
     <span class='ocr_line' id='line_1_22' title="bbox 353 3114 1305 3211; baseline -0.001 -24"><span class='ocrx_word' id='word_1_131' title='bbox 353 3115 454 3188; x_wconf 86' lang='lat' dir='ltr'>sione</span> <span class='ocrx_word' id='word_1_132' title='bbox 482 3115 601 3190; x_wconf 87' lang='lat' dir='ltr'>fuerat</span> <span class='ocrx_word' id='word_1_133' title='bbox 626 3115 776 3190; x_wconf 85' lang='lat' dir='ltr'>Francis</span> <span class='ocrx_word' id='word_1_134' title='bbox 806 3126 949 3211; x_wconf 87' lang='lat' dir='ltr'>ternpus</span> <span class='ocrx_word' id='word_1_135' title='bbox 978 3115 1151 3188; x_wconf 89' lang='lat' dir='ltr'>idoneum</span> <span class='ocrx_word' id='word_1_136' title='bbox 1180 3114 1305 3187; x_wconf 92' lang='lat' dir='ltr'>minis-</span> 
     </span>
    </p>
   </div>
   <div class='ocr_carea' id='block_1_3' title="bbox 221 3221 1306 3326">
    <p class='ocr_par' dir='ltr' id='par_1_3' title="bbox 221 3221 1306 3326">
     <span class='ocr_line' id='line_1_23' title="bbox 221 3221 1306 3326; baseline 0.002 -24"><span class='ocrx_word' id='word_1_137' title='bbox 221 3221 225 3232; x_wconf 81' lang='grc'><strong>’</strong></span> <span class='ocrx_word' id='word_1_138' title='bbox 354 3239 501 3318; x_wconf 87' lang='lat' dir='ltr'>tratum,</span> <span class='ocrx_word' id='word_1_139' title='bbox 536 3256 610 3326; x_wconf 94' lang='lat' dir='ltr'>quo</span> <span class='ocrx_word' id='word_1_140' title='bbox 647 3234 762 3305; x_wconf 85' lang='lat' dir='ltr'>crevit</span> <span class='ocrx_word' id='word_1_141' title='bbox 799 3231 979 3305; x_wconf 85' lang='lat' dir='ltr'>exercitus</span> <span class='ocrx_word' id='word_1_142' title='bbox 1012 3231 1174 3315; x_wconf 77' lang='lat' dir='ltr'>illorum,</span> <span class='ocrx_word' id='word_1_143' title='bbox 1208 3232 1306 3304; x_wconf 86' lang='lat' dir='ltr'>unde</span> 
     </span>
    </p>
   </div>
   <div class='ocr_carea' id='block_1_4' title="bbox 353 3342 1315 4373">
    <p class='ocr_par' dir='ltr' id='par_1_4' title="bbox 353 3342 1315 4373">
     <span class='ocr_line' id='line_1_24' title="bbox 354 3342 1307 3441; baseline 0.003 -25"><span class='ocrx_word' id='word_1_144' title='bbox 354 3345 532 3441; x_wconf 83' lang='lat' dir='ltr'>potuisset</span> <span class='ocrx_word' id='word_1_145' title='bbox 566 3346 736 3416; x_wconf 87' lang='lat' dir='ltr'>dominus</span> <span class='ocrx_word' id='word_1_146' title='bbox 771 3347 941 3440; x_wconf 86' lang='lat' dir='ltr'>princeps</span> <span class='ocrx_word' id='word_1_147' title='bbox 980 3342 1172 3416; x_wconf 87' lang='lat' dir='ltr'>credidisse</span> <span class='ocrx_word' id='word_1_148' title='bbox 1207 3346 1307 3440; x_wconf 91' lang='lat' dir='ltr'>quod</span> 
     </span>
     <span class='ocr_line' id='line_1_25' title="bbox 355 3442 1315 3555; baseline -0.002 -21"><span class='ocrx_word' id='word_1_149' title='bbox 355 3484 421 3534; x_wconf 85' lang='lat' dir='ltr'>sua</span> <span class='ocrx_word' id='word_1_150' title='bbox 437 3459 562 3533; x_wconf 87' lang='lat' dir='ltr'>fraude</span> <span class='ocrx_word' id='word_1_151' title='bbox 579 3459 708 3532; x_wconf 83' lang='lat' dir='ltr'>fuisset</span> <span class='ocrx_word' id='word_1_152' title='bbox 729 3460 790 3532; x_wconf 91' lang='lat' dir='ltr'>ille</span> <span class='ocrx_word' id='word_1_153' title='bbox 812 3458 917 3532; x_wconf 92' lang='lat' dir='ltr'>dolus</span> <span class='ocrx_word' id='word_1_154' title='bbox 939 3458 1155 3555; x_wconf 83' lang='lat' dir='ltr'>ingeniatus.</span> <span class='ocrx_word' id='word_1_155' title='bbox 1208 3442 1315 3534; x_wconf 41' lang='lat' dir='ltr'>Tan-¹</span> 
     </span>
     <span class='ocr_line' id='line_1_26' title="bbox 355 3576 1305 3674; baseline -0.002 -24"><span class='ocrx_word' id='word_1_156' title='bbox 355 3578 437 3650; x_wconf 81' lang='lat' dir='ltr'>dem</span> <span class='ocrx_word' id='word_1_157' title='bbox 464 3576 627 3674; x_wconf 88' lang='lat' dir='ltr'>principe</span> <span class='ocrx_word' id='word_1_158' title='bbox 656 3576 858 3651; x_wconf 86' lang='lat' dir='ltr'>ratificante</span> <span class='ocrx_word' id='word_1_159' title='bbox 884 3576 1071 3650; x_wconf 86' lang='lat' dir='ltr'>reverendi</span> <span class='ocrx_word' id='word_1_160' title='bbox 1099 3577 1213 3673; x_wconf 86' lang='lat' dir='ltr'>patris</span> <span class='ocrx_word' id='word_1_161' title='bbox 1243 3589 1305 3649; x_wconf 85' lang='lat' dir='ltr'>ex-</span> 
     </span>
     <span class='ocr_line' id='line_1_27' title="bbox 354 3690 1305 3789; baseline 0.002 -25"><span class='ocrx_word' id='word_1_162' title='bbox 354 3692 592 3781; x_wconf 81' lang='lat' dir='ltr'>cusationem,</span> <span class='ocrx_word' id='word_1_163' title='bbox 624 3693 817 3768; x_wconf 86' lang='lat' dir='ltr'>cardinalis</span> <span class='ocrx_word' id='word_1_164' title='bbox 849 3701 893 3766; x_wconf 93' lang='lat' dir='ltr'>ut</span> <span class='ocrx_word' id='word_1_165' title='bbox 926 3690 1063 3767; x_wconf 86' lang='lat' dir='ltr'>amicus</span> <span class='ocrx_word' id='word_1_166' title='bbox 1097 3699 1305 3789; x_wconf 85' lang='lat' dir='ltr'>acceptatus</span> 
     </span>
     <span class='ocr_line' id='line_1_28' title="bbox 354 3806 1305 3905; baseline 0 -25"><span class='ocrx_word' id='word_1_167' title='bbox 354 3814 421 3894; x_wconf 85' lang='lat' dir='ltr'>est,</span> <span class='ocrx_word' id='word_1_168' title='bbox 449 3817 487 3880; x_wconf 89' lang='lat' dir='ltr'>et</span> <span class='ocrx_word' id='word_1_169' title='bbox 515 3806 650 3904; x_wconf 86' lang='lat' dir='ltr'>captivi</span> <span class='ocrx_word' id='word_1_170' title='bbox 678 3806 903 3885; x_wconf 87' lang='lat' dir='ltr'>Gallicorum</span> <span class='ocrx_word' id='word_1_171' title='bbox 930 3818 1004 3882; x_wconf 88' lang='lat' dir='ltr'>tam</span> <span class='ocrx_word' id='word_1_172' title='bbox 1031 3808 1163 3882; x_wconf 84' lang='lat' dir='ltr'>obnixe</span> <span class='ocrx_word' id='word_1_173' title='bbox 1189 3808 1305 3905; x_wconf 85' lang='lat' dir='ltr'>preci-</span> 
     </span>
     <span class='ocr_line' id='line_1_29' title="bbox 353 3923 1307 4022; baseline 0.002 -26"><span class='ocrx_word' id='word_1_174' title='bbox 353 3925 422 3996; x_wconf 90' lang='lat' dir='ltr'>bus</span> <span class='ocrx_word' id='word_1_175' title='bbox 449 3925 589 3998; x_wconf 83' lang='lat' dir='ltr'>devotis</span> <span class='ocrx_word' id='word_1_176' title='bbox 614 3923 825 3999; x_wconf 87' lang='lat' dir='ltr'>institerunt</span> <span class='ocrx_word' id='word_1_177' title='bbox 850 3926 998 3998; x_wconf 89' lang='lat' dir='ltr'>domino</span> <span class='ocrx_word' id='word_1_178' title='bbox 1021 3924 1189 4022; x_wconf 85' lang='lat' dir='ltr'>principi,</span> <span class='ocrx_word' id='word_1_179' title='bbox 1208 3925 1307 4020; x_wconf 91' lang='lat' dir='ltr'>quod</span> 
     </span>
     <span class='ocr_line' id='line_1_30' title="bbox 356 4042 1306 4138; baseline 0.002 -25"><span class='ocrx_word' id='word_1_180' title='bbox 356 4042 535 4115; x_wconf 87' lang='lat' dir='ltr'>concessit</span> <span class='ocrx_word' id='word_1_181' title='bbox 561 4042 613 4116; x_wconf 84' lang='lat' dir='ltr'>eis</span> <span class='ocrx_word' id='word_1_182' title='bbox 640 4042 736 4116; x_wconf 90' lang='lat' dir='ltr'>diem</span> <span class='ocrx_word' id='word_1_183' title='bbox 762 4043 941 4126; x_wconf 85' lang='lat' dir='ltr'>tractandi</span> <span class='ocrx_word' id='word_1_184' title='bbox 968 4043 1013 4115; x_wconf 91' lang='lat' dir='ltr'>de</span> <span class='ocrx_word' id='word_1_185' title='bbox 1039 4067 1140 4138; x_wconf 90' lang='lat' dir='ltr'>pace,</span> <span class='ocrx_word' id='word_1_186' title='bbox 1169 4042 1306 4115; x_wconf 84' lang='lat' dir='ltr'>scilicet</span> 
     </span>
     <span class='ocr_line' id='line_1_31' title="bbox 357 4157 1306 4257; baseline 0 -26"><span class='ocrx_word' id='word_1_187' title='bbox 357 4158 526 4253; x_wconf 88' lang='lat' dir='ltr'>quintum</span> <span class='ocrx_word' id='word_1_188' title='bbox 575 4159 756 4233; x_wconf 89' lang='lat' dir='ltr'>decimum</span> <span class='ocrx_word' id='word_1_189' title='bbox 805 4168 889 4257; x_wconf 88' lang='lat' dir='ltr'>post</span> <span class='ocrx_word' id='word_1_190' title='bbox 933 4158 1174 4234; x_wconf 86' lang='lat' dir='ltr'>Nativitatem</span> <span class='ocrx_word' id='word_1_191' title='bbox 1215 4157 1306 4232; x_wconf 88' lang='lat' dir='ltr'>Jesu</span> 
     </span>
     <span class='ocr_line' id='line_1_32' title="bbox 356 4273 1307 4373; baseline 0.001 -27"><span class='ocrx_word' id='word_1_192' title='bbox 356 4273 506 4364; x_wconf 88' lang='lat' dir='ltr'>Christi,</span> <span class='ocrx_word' id='word_1_193' title='bbox 535 4275 587 4349; x_wconf 87' lang='lat' dir='ltr'>ita</span> <span class='ocrx_word' id='word_1_194' title='bbox 620 4277 719 4372; x_wconf 94' lang='lat' dir='ltr'>quod</span> <span class='ocrx_word' id='word_1_195' title='bbox 751 4275 915 4372; x_wconf 81' lang='lat' dir='ltr'>Anglicis</span> <span class='ocrx_word' id='word_1_196' title='bbox 949 4275 1047 4373; x_wconf 82' lang='lat' dir='ltr'>apud</span> <span class='ocrx_word' id='word_1_197' title='bbox 1080 4275 1237 4372; x_wconf 82' lang='lat' dir='ltr'>Blaynes</span> <span class='ocrx_word' id='word_1_198' title='bbox 1270 4284 1307 4347; x_wconf 92' lang='lat' dir='ltr'>et</span> 
     </span>
    </p>
   </div>
   <div class='ocr_carea' id='block_1_5' title="bbox 0 0 1565 5026">
    <p class='ocr_par' dir='ltr' id='par_1_5' title="bbox 0 0 1565 5026">
     <span class='ocr_line' id='line_1_33' title="bbox 0 0 1565 5026; baseline 0 0"><span class='ocrx_word' id='word_1_199' title='bbox 0 0 1565 5026; x_wconf 95' lang='lat' dir='ltr'> </span> 
     </span>
    </p>
   </div>
  </div>
 </body>
</html>
