3118 5008
384 597 452 668 104
625 615 851 666 onnomcon
873 613 1056 663 ornemur
1112 593 1208 682 [sm.
1221 588 1330 666 1327.

378 745 427 816 lia
450 753 486 817 et
506 743 628 816 omnia
645 743 765 817 Scotis
782 741 990 814 favorabilia
1006 741 1155 814 suerunt
1173 764 1218 814 ex
1236 742 1333 814 ordi·

381 859 526 932 natione
551 869 589 930 et
613 859 846 956 procurantia
873 857 1046 943 Isabellae,
1074 859 1200 930 matris
1226 858 1334 954 regis,

382 985 419 1048 et
435 975 596 1071 episcopi
617 972 905 1047 Herefordiensis
923 972 1055 1060 Adam,
1073 982 1111 1046 et
1133 973 1268 1070 Rogeri
1291 974 1336 1047 de

382 1090 533 1162 Mortuo
558 1089 651 1162 mari
676 1113 721 1162 ex
746 1098 850 1185 parte
871 1089 1121 1184 Anglicorum,
1146 1098 1183 1162 et
1207 1088 1337 1163 Jacobi

383 1204 546 1300 Douglas
569 1229 614 1277 ex
639 1212 742 1301 parte
767 1203 971 1276 Scotorum.
1023 1203 1208 1278 Timentes
1234 1228 1336 1276 nam·

385 1343 455 1414 que
482 1317 658 1414 praedicti,
683 1317 847 1404 Isabella‚
873 1317 1001 1405 Adam,
1026 1328 1062 1392 et
1085 1318 1262 1416 Rogerus,
1290 1342 1338 1391 ne

385 1443 534 1532 propter
556 1435 744 1507 interitum
765 1433 933 1506 Edwardi
955 1435 1068 1530 patris
1092 1436 1198 1531 regie,
1218 1434 1339 1530 aliqua

386 1550 620 1647 persequutio
640 1550 678 1621 in
699 1549 797 1644 ipsos
811 1549 910 1643 juste
926 1549 1161 1636 fulminanda,
1179 1549 1341 1623 amicitia
1359 1610 1363 1615 .

390 1667 583 1740 Scotorum
606 1689 644 1737 se
665 1664 798 1737 faceret
818 1674 977 1761 egentes,
996 1666 1054 1737 vel
1077 1666 1158 1739 ideo
1180 1676 1222 1738 nt
1244 1667 1340 1740 dice-

388 1784 507 1867 batur,
528 1779 646 1852 Scotis
664 1780 843 1867 favebant,
861 1790 904 1853 ut
927 1781 957 1853 si
981 1805 1044 1854 rex
1062 1781 1202 1878 Angliee
1219 1781 1341 1877 aliquo
1386 1865 1390 1881 ι

389 1897 588 1970 infortunio
605 1895 731 1968 fuisset
748 1905 926 1984 mortuus,
946 1897 1109 1993 Rogerus
1128 1899 1173 1971 de
1189 1897 1343 1970 Mortuo

390 2013 481 2084 mari
503 2011 637 2084 auxilio
660 2009 854 2084 Scotorum
877 2037 1030 2109 regnum
1051 2022 1089 2086 et
1111 2023 1265 2087 matrem
1287 2037 1342 2086 re-

392 2129 446 2226 gis
466 2107 658 2200 Isabellam
676 2138 879 2224 usurparet,
897 2138 934 2202 et
957 2139 1150 2225 propterea
1172 2130 1345 2202 comitem

393 2244 532 2319 Cantiae
566 2244 659 2339 regis
693 2253 866 2340 patruum
900 2254 937 2317 et
970 2245 1127 2318 amicum
1158 2245 1346 2342 sanguinis

392 2361 602 2459 proximum
628 2361 738 2434 luisse
763 2361 999 2457 postmodum
1025 2361 1281 2458 decapitatum,
1302 2370 1346 2434 ut

394 2477 531 2550 scilicet
549 2477 694 2574 juvenis
713 2500 776 2549 rex
793 2476 1003 2562 edwardus,
1023 2477 1123 2548 omni
1145 2476 1347 2550 amicorum

395 2593 541 2679 auxilio,
553 2602 596 2665 nt
609 2594 793 2688 quondam
810 2601 912 2688 pater
925 2616 1013 2665 suus
1024 2591 1152 2666 fuisset
1170 2594 1346 2689 privatus,

396 2707 595 2782 Celebratis
638 2707 736 2805 apud
780 2705 1004 2780 Berewicum
1045 2709 1278 2782 coronatione
1312 2719 1350 2781 et

396 2825 533 2920 nuptiis
551 2823 744 2920 praedictis,
763 2821 924 2896 Jacobus
940 2821 1103 2918 Douglas
1121 2824 1234 2898 adivit
1250 2823 1350 2898 fron-

397 2941 529 3013 teriam
556 2939 742 3034 Hispaniae
767 2963 893 3011 versus
918 2937 1137 3026 Gervaoum,
1155 2941 1219 3013 ubi
1246 2941 1351 3013 miles

399 3065 569 3129 strenuus
593 3076 697 3125 suam
720 3054 938 3148 probitatem
961 3064 1088 3128 contra
1110 3055 1263 3130 Mauros
1288 3055 1351 3129 Sa-

401 3192 549 3243 racenos
568 3168 794 3242 laudabiliter
811 3172 1036 3258 ostendebat,
1054 3181 1090 3245 et
1112 3182 1194 3268 post
1218 3175 1354 3247 multas

401 3285 583 3369 victorias,
618 3308 719 3384 quas¹
742 3285 821 3381 ipso
864 3287 956 3360 duce
1000 3289 1218 3363 Christianis
1251 3289 1353 3363 Deus

403 3401 597 3485 commisit,
629 3402 777 3473 tandem
807 3411 934 3476 contra
964 3405 1123 3501 quinque
1155 3404 1355 3494 Saracenos

404 3521 503 3592 solus
537 3517 714 3591 dimicans
748 3519 908 3615 quinque
942 3521 1109 3594 letalibus
1143 3523 1357 3596 vulneribus

406 3637 451 3709 ab
471 3635 560 3732 ipsis
584 3644 639 3708 est
661 3635 815 3722 occisus,
835 3637 898 3709 sed
921 3645 957 3710 et
979 3637 1077 3733 ipsos
1100 3638 1245 3724 occidit,
1265 3647 1357 3712 teste

406 3753 515 3825 fratre
548 3751 691 3824 Thoma
724 3753 769 3825 de
802 3752 1028 3849 Lavingtone
1058 3752 1266 3841 Carmelita,
1295 3754 1359 3850 qui

406 3893 473 3966 pro
491 3877 580 3941 tunc
598 3869 780 3954 secularis,
800 3869 867 3941 sub
888 3893 955 3942 suo
976 3869 1112 3943 ducatu
1134 3869 1173 3941 in
1197 3870 1359 3943 exercitu

408 3983 700 4057 Christianorum
733 3992 776 4058 ut
809 3986 942 4081 potuit,
978 3985 1167 4058 laboravit.
1219 3984 1361 4058 Habuit

406 4101 633 4176 occasionem
663 4100 760 4197 piam
791 4103 984 4199 duplicem.
1038 4101 1200 4174 Moriens
1229 4110 1372 4197 nempe

408 4217 588 4290 Robertus
614 4219 647 4289 le
674 4217 805 4314 B'ruys,
833 4219 953 4315 ipsum
981 4218 1172 4290 honoravit
1201 4218 1268 4290 sub
1298 4218 1361 4290 tali
