<?xml version="1.0" encoding="UTF-8"?>
<!DOCTYPE html PUBLIC "-//W3C//DTD XHTML 1.0 Transitional//EN"
    "http://www.w3.org/TR/xhtml1/DTD/xhtml1-transitional.dtd">
<html xmlns="http://www.w3.org/1999/xhtml" xml:lang="en" lang="en">
 <head>
  <title>
</title>
<meta http-equiv="Content-Type" content="text/html;charset=utf-8" />
  <meta name='ocr-system' content='tesseract 3.04.00' />
  <meta name='ocr-capabilities' content='ocr_page ocr_carea ocr_par ocr_line ocrx_word'/>
</head>
<body>
  <div class='ocr_page' id='page_1' title='image "./galfridilebaker00gilegoog_0162.png"; bbox 0 0 3120 5008; ppageno 0'>
   <div class='ocr_carea' id='block_1_1' title="bbox 423 613 1368 703">
    <p class='ocr_par' dir='ltr' id='par_1_1' title="bbox 423 613 1368 703">
     <span class='ocr_line' id='line_1_1' title="bbox 423 613 1368 703; baseline -0.001 -17"><span class='ocrx_word' id='word_1_1' title='bbox 423 615 492 688; x_wconf 88' lang='grc'><strong>158</strong></span> <span class='ocrx_word' id='word_1_2' title='bbox 671 631 897 684; x_wconf 78' lang='lat' dir='ltr'><strong>onnourcou</strong></span> <span class='ocrx_word' id='word_1_3' title='bbox 916 633 1100 683; x_wconf 68' lang='lat' dir='ltr'><strong>siusium</strong></span> <span class='ocrx_word' id='word_1_4' title='bbox 1158 613 1368 703; x_wconf 65' lang='lat' dir='ltr'><strong>[nnl346.</strong></span> 
     </span>
    </p>
   </div>
   <div class='ocr_carea' id='block_1_2' title="bbox 393 760 1370 1326">
    <p class='ocr_par' dir='ltr' id='par_1_2' title="bbox 393 760 1370 1326">
     <span class='ocr_line' id='line_1_2' title="bbox 418 760 1369 860; baseline 0.002 -25"><span class='ocrx_word' id='word_1_5' title='bbox 418 764 504 836; x_wconf 88' lang='lat' dir='ltr'><strong>illuc</strong></span> <span class='ocrx_word' id='word_1_6' title='bbox 532 764 729 835; x_wconf 87' lang='lat' dir='ltr'><strong>advenisse.</strong></span> <span class='ocrx_word' id='word_1_7' title='bbox 783 760 911 858; x_wconf 87' lang='lat' dir='ltr'><strong>Itaque</strong></span> <span class='ocrx_word' id='word_1_8' title='bbox 939 760 1084 834; x_wconf 88' lang='lat' dir='ltr'><strong>duravit</strong></span> <span class='ocrx_word' id='word_1_9' title='bbox 1111 763 1251 836; x_wconf 89' lang='lat' dir='ltr'><strong>obsidio</strong></span> <span class='ocrx_word' id='word_1_10' title='bbox 1279 789 1369 860; x_wconf 85' lang='lat' dir='ltr'><strong>prae-</strong></span> 
     </span>
     <span class='ocr_line' id='line_1_3' title="bbox 393 877 1370 978; baseline 0 -24"><span class='ocrx_word' id='word_1_11' title='bbox 393 881 504 954; x_wconf 89' lang='lat' dir='ltr'><strong>·stita</strong></span> <span class='ocrx_word' id='word_1_12' title='bbox 532 904 648 978; x_wconf 91' lang='lat' dir='ltr'><strong>usque</strong></span> <span class='ocrx_word' id='word_1_13' title='bbox 678 888 763 978; x_wconf 89' lang='lat' dir='ltr'><strong>post</strong></span> <span class='ocrx_word' id='word_1_14' title='bbox 791 880 925 952; x_wconf 88' lang='lat' dir='ltr'><strong>festum</strong></span> <span class='ocrx_word' id='word_1_15' title='bbox 958 877 1219 955; x_wconf 87' lang='lat' dir='ltr'><strong>Decollationis</strong></span> <span class='ocrx_word' id='word_1_16' title='bbox 1254 881 1370 954; x_wconf 87' lang='lat' dir='ltr'><strong>sancti</strong></span> 
     </span>
     <span class='ocr_line' id='line_1_4' title="bbox 416 996 1369 1093; baseline 0.002 -25"><span class='ocrx_word' id='word_1_17' title='bbox 416 996 581 1084; x_wconf 87' lang='lat' dir='ltr'><strong>Joannis,</strong></span> <span class='ocrx_word' id='word_1_18' title='bbox 601 997 724 1070; x_wconf 87' lang='lat' dir='ltr'><strong>audito</strong></span> <span class='ocrx_word' id='word_1_19' title='bbox 742 1020 873 1093; x_wconf 84' lang='lat' dir='ltr'>nempe</span> <span class='ocrx_word' id='word_1_20' title='bbox 895 1021 962 1092; x_wconf 90' lang='lat' dir='ltr'><strong>pro</strong></span> <span class='ocrx_word' id='word_1_21' title='bbox 985 1006 1075 1069; x_wconf 93' lang='lat' dir='ltr'><strong>tunc</strong></span> <span class='ocrx_word' id='word_1_22' title='bbox 1093 997 1190 1092; x_wconf 91' lang='lat' dir='ltr'><strong>quod</strong></span> <span class='ocrx_word' id='word_1_23' title='bbox 1211 1021 1274 1070; x_wconf 86' lang='lat' dir='ltr'><strong>rex</strong></span> <span class='ocrx_word' id='word_1_24' title='bbox 1292 997 1369 1070; x_wconf 90' lang='lat' dir='ltr'><strong>An-</strong></span> 
     </span>
     <span class='ocr_line' id='line_1_5' title="bbox 417 1112 1369 1208; baseline 0 -22"><span class='ocrx_word' id='word_1_25' title='bbox 417 1114 497 1208; x_wconf 84' lang='lat' dir='ltr'><strong>gliae</strong></span> <span class='ocrx_word' id='word_1_26' title='bbox 520 1114 616 1208; x_wconf 89' lang='lat' dir='ltr'><strong>apud</strong></span> <span class='ocrx_word' id='word_1_27' title='bbox 639 1112 762 1186; x_wconf 88' lang='lat' dir='ltr'><strong>Cressi</strong></span> <span class='ocrx_word' id='word_1_28' title='bbox 784 1122 925 1208; x_wconf 88' lang='lat' dir='ltr'><strong>patrem</strong></span> <span class='ocrx_word' id='word_1_29' title='bbox 946 1135 1053 1184; x_wconf 88' lang='lat' dir='ltr'><strong>suum</strong></span> <span class='ocrx_word' id='word_1_30' title='bbox 1077 1112 1288 1208; x_wconf 83' lang='lat' dir='ltr'>Philippum</span> <span class='ocrx_word' id='word_1_31' title='bbox 1309 1114 1369 1186; x_wconf 92' lang='lat' dir='ltr'><strong>de-</strong></span> 
     </span>
     <span class='ocr_line' id='line_1_6' title="bbox 415 1229 1367 1326; baseline 0.001 -25"><span class='ocrx_word' id='word_1_32' title='bbox 415 1231 573 1317; x_wconf 89' lang='lat' dir='ltr'><strong>bellavit,</strong></span> <span class='ocrx_word' id='word_1_33' title='bbox 593 1231 725 1302; x_wconf 89' lang='lat' dir='ltr'><strong>timens</strong></span> <span class='ocrx_word' id='word_1_34' title='bbox 748 1251 794 1300; x_wconf 93' lang='lat' dir='ltr'><strong>ne</strong></span> <span class='ocrx_word' id='word_1_35' title='bbox 817 1229 926 1300; x_wconf 90' lang='lat' dir='ltr'><strong>nimis</strong></span> <span class='ocrx_word' id='word_1_36' title='bbox 951 1230 1051 1300; x_wconf 87' lang='lat' dir='ltr'><strong>tarde</strong></span> <span class='ocrx_word' id='word_1_37' title='bbox 1075 1230 1121 1300; x_wconf 85' lang='lat' dir='ltr'><strong>ad</strong></span> <span class='ocrx_word' id='word_1_38' title='bbox 1143 1230 1256 1325; x_wconf 86' lang='lat' dir='ltr'><strong>patris</strong></span> <span class='ocrx_word' id='word_1_39' title='bbox 1277 1254 1367 1326; x_wconf 82' lang='lat' dir='ltr'><strong>proe-</strong></span> 
     </span>
    </p>
   </div>
   <div class='ocr_carea' id='block_1_3' title="bbox 401 1345 1370 3985">
    <p class='ocr_par' dir='ltr' id='par_1_3' title="bbox 401 1345 1370 3985">
     <span class='ocr_line' id='line_1_7' title="bbox 416 1345 1370 1440; baseline 0.001 -22"><span class='ocrx_word' id='word_1_40' title='bbox 416 1347 570 1419; x_wconf 87' lang='lat' dir='ltr'><strong>sentiam</strong></span> <span class='ocrx_word' id='word_1_41' title='bbox 590 1355 627 1418; x_wconf 93' lang='lat' dir='ltr'><strong>et</strong></span> <span class='ocrx_word' id='word_1_42' title='bbox 647 1345 844 1418; x_wconf 88' lang='lat' dir='ltr'><strong>concilium</strong></span> <span class='ocrx_word' id='word_1_43' title='bbox 868 1345 1063 1431; x_wconf 85' lang='lat' dir='ltr'><strong>deveniret,</strong></span> <span class='ocrx_word' id='word_1_44' title='bbox 1089 1345 1200 1440; x_wconf 84' lang='lat' dir='ltr'><strong>gratis</strong></span> <span class='ocrx_word' id='word_1_45' title='bbox 1222 1346 1370 1420; x_wconf 89' lang='lat' dir='ltr'><strong>dimissa</strong></span> 
     </span>
     <span class='ocr_line' id='line_1_8' title="bbox 415 1461 1367 1557; baseline -0.002 -21"><span class='ocrx_word' id='word_1_46' title='bbox 415 1463 612 1549; x_wconf 83' lang='lat' dir='ltr'><strong>obsidione,</strong></span> <span class='ocrx_word' id='word_1_47' title='bbox 648 1461 814 1535; x_wconf 88' lang='lat' dir='ltr'><strong>tentoriis</strong></span> <span class='ocrx_word' id='word_1_48' title='bbox 848 1468 885 1533; x_wconf 92' lang='lat' dir='ltr'><strong>et</strong></span> <span class='ocrx_word' id='word_1_49' title='bbox 917 1462 1162 1557; x_wconf 83' lang='lat' dir='ltr'><strong>papilionibus</strong></span> <span class='ocrx_word' id='word_1_50' title='bbox 1200 1463 1276 1534; x_wconf 88' lang='lat' dir='ltr'><strong>suis</strong></span> <span class='ocrx_word' id='word_1_51' title='bbox 1314 1463 1367 1534; x_wconf 93' lang='lat' dir='ltr'><strong>in-</strong></span> 
     </span>
     <span class='ocr_line' id='line_1_9' title="bbox 415 1578 1368 1674; baseline 0 -23"><span class='ocrx_word' id='word_1_52' title='bbox 415 1579 544 1665; x_wconf 88' lang='lat' dir='ltr'><strong>censis,</strong></span> <span class='ocrx_word' id='word_1_53' title='bbox 572 1579 754 1653; x_wconf 82' lang='lat' dir='ltr'><strong>occultam</strong></span> <span class='ocrx_word' id='word_1_54' title='bbox 779 1578 903 1674; x_wconf 84' lang='lat' dir='ltr'><strong>fugam</strong></span> <span class='ocrx_word' id='word_1_55' title='bbox 929 1578 1010 1650; x_wconf 92' lang='lat' dir='ltr'><strong>iniit</strong></span> <span class='ocrx_word' id='word_1_56' title='bbox 1036 1579 1194 1651; x_wconf 82' lang='lat' dir='ltr'><strong>tenebris</strong></span> <span class='ocrx_word' id='word_1_57' title='bbox 1219 1586 1368 1651; x_wconf 87' lang='lat' dir='ltr'><strong>noctur-</strong></span> 
     </span>
     <span class='ocr_line' id='line_1_10' title="bbox 415 1694 1366 1790; baseline -0.001 -23"><span class='ocrx_word' id='word_1_58' title='bbox 415 1696 481 1768; x_wconf 88' lang='lat' dir='ltr'><strong>nis.</strong></span> <span class='ocrx_word' id='word_1_59' title='bbox 521 1695 716 1790; x_wconf 83' lang='lat' dir='ltr'><strong>Fugientes</strong></span> <span class='ocrx_word' id='word_1_60' title='bbox 733 1695 1043 1790; x_wconf 86' lang='lat' dir='ltr'><strong>persequebantur</strong></span> <span class='ocrx_word' id='word_1_61' title='bbox 1060 1694 1199 1766; x_wconf 90' lang='lat' dir='ltr'><strong>nobiles</strong></span> <span class='ocrx_word' id='word_1_62' title='bbox 1216 1695 1366 1782; x_wconf 76' lang='lat' dir='ltr'><strong>obsessi,</strong></span> 
     </span>
     <span class='ocr_line' id='line_1_11' title="bbox 414 1809 1367 1906; baseline 0 -22"><span class='ocrx_word' id='word_1_63' title='bbox 414 1813 551 1885; x_wconf 86' lang='lat' dir='ltr'><strong>scilicet</strong></span> <span class='ocrx_word' id='word_1_64' title='bbox 584 1835 705 1884; x_wconf 92' lang='lat' dir='ltr'><strong>comes</strong></span> <span class='ocrx_word' id='word_1_65' title='bbox 737 1809 938 1884; x_wconf 86' lang='lat' dir='ltr'><strong>Staffordiae</strong></span> <span class='ocrx_word' id='word_1_66' title='bbox 971 1810 1167 1906; x_wconf 83' lang='lat' dir='ltr'><strong>praedictus</strong></span> <span class='ocrx_word' id='word_1_67' title='bbox 1200 1821 1238 1883; x_wconf 92' lang='lat' dir='ltr'><strong>et</strong></span> <span class='ocrx_word' id='word_1_68' title='bbox 1270 1813 1367 1884; x_wconf 87' lang='lat' dir='ltr'><strong>filius</strong></span> 
     </span>
     <span class='ocr_line' id='line_1_12' title="bbox 414 1927 1367 2026; baseline 0.001 -27"><span class='ocrx_word' id='word_1_69' title='bbox 414 1928 551 1999; x_wconf 92' lang='lat' dir='ltr'><strong>domini</strong></span> <span class='ocrx_word' id='word_1_70' title='bbox 569 1927 613 1998; x_wconf 92' lang='lat' dir='ltr'><strong>de</strong></span> <span class='ocrx_word' id='word_1_71' title='bbox 630 1927 790 2013; x_wconf 79' lang='lat' dir='ltr'><strong>librato,</strong></span> <span class='ocrx_word' id='word_1_72' title='bbox 809 1934 847 1999; x_wconf 89' lang='lat' dir='ltr'><strong>et</strong></span> <span class='ocrx_word' id='word_1_73' title='bbox 863 1935 1122 2026; x_wconf 90' lang='lat' dir='ltr'><strong>percusserunt</strong></span> <span class='ocrx_word' id='word_1_74' title='bbox 1139 1951 1200 2000; x_wconf 91' lang='lat' dir='ltr'><strong>eos</strong></span> <span class='ocrx_word' id='word_1_75' title='bbox 1221 1927 1261 1999; x_wconf 91' lang='lat' dir='ltr'><strong>in</strong></span> <span class='ocrx_word' id='word_1_76' title='bbox 1281 1952 1367 2024; x_wconf 88' lang='lat' dir='ltr'><strong>pos-</strong></span> 
     </span>
     <span class='ocr_line' id='line_1_13' title="bbox 413 2041 1367 2139; baseline 0.003 -26"><span class='ocrx_word' id='word_1_77' title='bbox 413 2041 537 2114; x_wconf 89' lang='lat' dir='ltr'><strong>teriori</strong></span> <span class='ocrx_word' id='word_1_78' title='bbox 564 2041 744 2114; x_wconf 87' lang='lat' dir='ltr'><strong>exercitus</strong></span> <span class='ocrx_word' id='word_1_79' title='bbox 771 2052 885 2138; x_wconf 88' lang='lat' dir='ltr'><strong>parte,</strong></span> <span class='ocrx_word' id='word_1_80' title='bbox 910 2043 1015 2138; x_wconf 90' lang='lat' dir='ltr'><strong>cujus</strong></span> <span class='ocrx_word' id='word_1_81' title='bbox 1038 2051 1226 2139; x_wconf 84' lang='lat' dir='ltr'><strong>amputata</strong></span> <span class='ocrx_word' id='word_1_82' title='bbox 1250 2044 1367 2116; x_wconf 87' lang='lat' dir='ltr'><strong>cauda</strong></span> 
     </span>
     <span class='ocr_line' id='line_1_14' title="bbox 413 2158 1365 2265; baseline 0.003 -35"><span class='ocrx_word' id='word_1_83' title='bbox 413 2158 457 2230; x_wconf 92' lang='lat' dir='ltr'><strong>de</strong></span> <span class='ocrx_word' id='word_1_84' title='bbox 482 2158 626 2230; x_wconf 86' lang='lat' dir='ltr'><strong>illorum</strong></span> <span class='ocrx_word' id='word_1_85' title='bbox 648 2158 749 2254; x_wconf 88' lang='lat' dir='ltr'><strong>equis</strong></span> <span class='ocrx_word' id='word_1_86' title='bbox 774 2166 810 2231; x_wconf 90' lang='lat' dir='ltr'><strong>et</strong></span> <span class='ocrx_word' id='word_1_87' title='bbox 833 2159 987 2254; x_wconf 84' lang='lat' dir='ltr'><strong>captivis</strong></span> <span class='ocrx_word' id='word_1_88' title='bbox 1009 2159 1180 2246; x_wconf 89' lang='lat' dir='ltr'><strong>reductis,</strong></span> <span class='ocrx_word' id='word_1_89' title='bbox 1199 2160 1365 2265; x_wconf 84' lang='lat' dir='ltr'><strong>tentoriis</strong></span> 
     </span>
     <span class='ocr_line' id='line_1_15' title="bbox 407 2275 1364 2371; baseline 0.001 -24"><span class='ocrx_word' id='word_1_90' title='bbox 407 2299 556 2370; x_wconf 22' lang='lat' dir='ltr'><strong>‘quoque</strong></span> <span class='ocrx_word' id='word_1_91' title='bbox 582 2275 627 2347; x_wconf 91' lang='lat' dir='ltr'><strong>ab</strong></span> <span class='ocrx_word' id='word_1_92' title='bbox 650 2275 733 2369; x_wconf 83' lang='lat' dir='ltr'><strong>igne</strong></span> <span class='ocrx_word' id='word_1_93' title='bbox 757 2276 904 2348; x_wconf 87' lang='lat' dir='ltr'><strong>salvatis</strong></span> <span class='ocrx_word' id='word_1_94' title='bbox 931 2276 1104 2371; x_wconf 88' lang='lat' dir='ltr'><strong>oppidani</strong></span> <span class='ocrx_word' id='word_1_95' title='bbox 1127 2276 1275 2349; x_wconf 86' lang='lat' dir='ltr'><strong>fuerunt</strong></span> <span class='ocrx_word' id='word_1_96' title='bbox 1299 2300 1364 2348; x_wconf 92' lang='lat' dir='ltr'><strong>no-</strong></span> 
     </span>
     <span class='ocr_line' id='line_1_16' title="bbox 411 2391 1366 2486; baseline 0.001 -24"><span class='ocrx_word' id='word_1_97' title='bbox 411 2391 570 2462; x_wconf 86' lang='lat' dir='ltr'><strong>tabiliter</strong></span> <span class='ocrx_word' id='word_1_98' title='bbox 586 2391 702 2478; x_wconf 88' lang='lat' dir='ltr'><strong>ditati,</strong></span> <span class='ocrx_word' id='word_1_99' title='bbox 721 2400 757 2463; x_wconf 90' lang='lat' dir='ltr'><strong>ct</strong></span> <span class='ocrx_word' id='word_1_100' title='bbox 781 2392 826 2463; x_wconf 92' lang='lat' dir='ltr'><strong>de</strong></span> <span class='ocrx_word' id='word_1_101' title='bbox 848 2392 1054 2464; x_wconf 86' lang='lat' dir='ltr'><strong>rumoribus</strong></span> <span class='ocrx_word' id='word_1_102' title='bbox 1076 2391 1223 2463; x_wconf 86' lang='lat' dir='ltr'><strong>illorum</strong></span> <span class='ocrx_word' id='word_1_103' title='bbox 1239 2391 1366 2486; x_wconf 84' lang='lat' dir='ltr'><strong>fugam</strong></span> 
     </span>
     <span class='ocr_line' id='line_1_17' title="bbox 411 2501 1363 2576; baseline -0.001 -1"><span class='ocrx_word' id='word_1_104' title='bbox 411 2503 564 2575; x_wconf 85' lang='lat' dir='ltr'><strong>cantivis</strong></span> <span class='ocrx_word' id='word_1_105' title='bbox 586 2503 692 2575; x_wconf 89' lang='lat' dir='ltr'><strong>valde</strong></span> <span class='ocrx_word' id='word_1_106' title='bbox 717 2502 922 2576; x_wconf 86' lang='lat' dir='ltr'><strong>confortati.</strong></span> <span class='ocrx_word' id='word_1_107' title='bbox 976 2501 1045 2575; x_wconf 89' lang='lat' dir='ltr'><strong>His</strong></span> <span class='ocrx_word' id='word_1_108' title='bbox 1063 2503 1101 2574; x_wconf 95' lang='lat' dir='ltr'><strong>in</strong></span> <span class='ocrx_word' id='word_1_109' title='bbox 1120 2503 1303 2576; x_wconf 86' lang='lat' dir='ltr'><strong>Gasconia</strong></span> <span class='ocrx_word' id='word_1_110' title='bbox 1326 2515 1363 2576; x_wconf 81' lang='lat' dir='ltr'><strong>et</strong></span> 
     </span>
     <span class='ocr_line' id='line_1_18' title="bbox 410 2617 1362 2714; baseline 0.002 -26"><span class='ocrx_word' id='word_1_111' title='bbox 410 2617 593 2712; x_wconf 83' lang='lat' dir='ltr'><strong>praedictis</strong></span> <span class='ocrx_word' id='word_1_112' title='bbox 618 2619 657 2690; x_wconf 95' lang='lat' dir='ltr'><strong>in</strong></span> <span class='ocrx_word' id='word_1_113' title='bbox 683 2617 872 2691; x_wconf 86' lang='lat' dir='ltr'><strong>Britannia</strong></span> <span class='ocrx_word' id='word_1_114' title='bbox 888 2617 1088 2692; x_wconf 89' lang='lat' dir='ltr'><strong>mirabilius</strong></span> <span class='ocrx_word' id='word_1_115' title='bbox 1105 2643 1215 2714; x_wconf 89' lang='lat' dir='ltr'><strong>quam</strong></span> <span class='ocrx_word' id='word_1_116' title='bbox 1233 2619 1362 2714; x_wconf 89' lang='lat' dir='ltr'><strong>scripsi</strong></span> 
     </span>
     <span class='ocr_line' id='line_1_19' title="bbox 411 2732 1361 2830; baseline 0.001 -25"><span class='ocrx_word' id='word_1_117' title='bbox 411 2755 449 2805; x_wconf 90' lang='lat' dir='ltr'><strong>se</strong></span> <span class='ocrx_word' id='word_1_118' title='bbox 466 2732 695 2820; x_wconf 86' lang='lat' dir='ltr'><strong>habentibus,</strong></span> <span class='ocrx_word' id='word_1_119' title='bbox 713 2732 862 2805; x_wconf 90' lang='lat' dir='ltr'><strong>domino</strong></span> <span class='ocrx_word' id='word_1_120' title='bbox 885 2734 960 2830; x_wconf 87' lang='lat' dir='ltr'><strong>regi</strong></span> <span class='ocrx_word' id='word_1_121' title='bbox 983 2735 1029 2806; x_wconf 88' lang='lat' dir='ltr'><strong>ad</strong></span> <span class='ocrx_word' id='word_1_122' title='bbox 1052 2734 1361 2808; x_wconf 83' lang='lat' dir='ltr'><strong>transfretandum</strong></span> 
     </span>
     <span class='ocr_line' id='line_1_20' title="bbox 410 2847 1362 2944; baseline 0.003 -25"><span class='ocrx_word' id='word_1_123' title='bbox 410 2871 449 2919; x_wconf 89' lang='lat' dir='ltr'><strong>se</strong></span> <span class='ocrx_word' id='word_1_124' title='bbox 476 2848 694 2944; x_wconf 88' lang='lat' dir='ltr'><strong>disponenti,</strong></span> <span class='ocrx_word' id='word_1_125' title='bbox 722 2847 906 2942; x_wconf 84' lang='lat' dir='ltr'><strong>eliguntur</strong></span> <span class='ocrx_word' id='word_1_126' title='bbox 932 2848 1118 2944; x_wconf 80' lang='lat' dir='ltr'><strong>sagittarii,</strong></span> <span class='ocrx_word' id='word_1_127' title='bbox 1147 2849 1298 2921; x_wconf 88' lang='lat' dir='ltr'><strong>decimae</strong></span> <span class='ocrx_word' id='word_1_128' title='bbox 1325 2858 1362 2922; x_wconf 90' lang='lat' dir='ltr'><strong>et</strong></span> 
     </span>
     <span class='ocr_line' id='line_1_21' title="bbox 409 2963 1360 3060; baseline 0.003 -26"><span class='ocrx_word' id='word_1_129' title='bbox 409 2963 646 3058; x_wconf 85' lang='lat' dir='ltr'><strong>quindecimae</strong></span> <span class='ocrx_word' id='word_1_130' title='bbox 665 2963 904 3058; x_wconf 86' lang='lat' dir='ltr'><strong>burgensibus</strong></span> <span class='ocrx_word' id='word_1_131' title='bbox 927 2974 964 3036; x_wconf 89' lang='lat' dir='ltr'><strong>et</strong></span> <span class='ocrx_word' id='word_1_132' title='bbox 985 2964 1250 3060; x_wconf 88' lang='lat' dir='ltr'><strong>campestribus</strong></span> <span class='ocrx_word' id='word_1_133' title='bbox 1274 2974 1360 3038; x_wconf 89' lang='lat' dir='ltr'><strong>sunt</strong></span> 
     </span>
     <span class='ocr_line' id='line_1_22' title="bbox 409 3078 1359 3174; baseline 0.004 -25"><span class='ocrx_word' id='word_1_134' title='bbox 409 3078 581 3166; x_wconf 83' lang='lat' dir='ltr'><strong>collectae,</strong></span> <span class='ocrx_word' id='word_1_135' title='bbox 609 3088 646 3151; x_wconf 89' lang='lat' dir='ltr'><strong>et</strong></span> <span class='ocrx_word' id='word_1_136' title='bbox 675 3079 825 3174; x_wconf 91' lang='lat' dir='ltr'><strong>insuper</strong></span> <span class='ocrx_word' id='word_1_137' title='bbox 850 3079 999 3152; x_wconf 89' lang='lat' dir='ltr'><strong>vicesies</strong></span> <span class='ocrx_word' id='word_1_138' title='bbox 1028 3079 1142 3152; x_wconf 92' lang='lat' dir='ltr'><strong>millia</strong></span> <span class='ocrx_word' id='word_1_139' title='bbox 1169 3103 1359 3153; x_wconf 90' lang='lat' dir='ltr'><strong>saccorum</strong></span> 
     </span>
     <span class='ocr_line' id='line_1_23' title="bbox 407 3193 1358 3269; baseline 0.007 -7"><span class='ocrx_word' id='word_1_140' title='bbox 407 3193 498 3263; x_wconf 88' lang='lat' dir='ltr'><strong>lanae</strong></span> <span class='ocrx_word' id='word_1_141' title='bbox 522 3194 639 3266; x_wconf 90' lang='lat' dir='ltr'><strong>eidem</strong></span> <span class='ocrx_word' id='word_1_142' title='bbox 661 3196 921 3268; x_wconf 89' lang='lat' dir='ltr'><strong>conceduntur.</strong></span> <span class='ocrx_word' id='word_1_143' title='bbox 975 3194 1070 3268; x_wconf 93' lang='lat' dir='ltr'><strong>Item</strong></span> <span class='ocrx_word' id='word_1_144' title='bbox 1089 3196 1260 3268; x_wconf 89' lang='lat' dir='ltr'><strong>dominus</strong></span> <span class='ocrx_word' id='word_1_145' title='bbox 1282 3193 1358 3269; x_wconf 89' lang='lat' dir='ltr'><strong>Go-</strong></span> 
     </span>
     <span class='ocr_line' id='line_1_24' title="bbox 408 3308 1358 3397; baseline 0.002 -16"><span class='ocrx_word' id='word_1_146' title='bbox 408 3309 567 3382; x_wconf 88' lang='lat' dir='ltr'><strong>defridus</strong></span> <span class='ocrx_word' id='word_1_147' title='bbox 594 3310 638 3381; x_wconf 93' lang='lat' dir='ltr'><strong>de</strong></span> <span class='ocrx_word' id='word_1_148' title='bbox 665 3310 890 3384; x_wconf 87' lang='lat' dir='ltr'><strong>Harecourte</strong></span> <span class='ocrx_word' id='word_1_149' title='bbox 914 3308 1163 3397; x_wconf 90' lang='lat' dir='ltr'><strong>Normannus,</strong></span> <span class='ocrx_word' id='word_1_150' title='bbox 1185 3312 1286 3384; x_wconf 90' lang='lat' dir='ltr'><strong>venit</strong></span> <span class='ocrx_word' id='word_1_151' title='bbox 1313 3312 1358 3383; x_wconf 88' lang='lat' dir='ltr'><strong>ad</strong></span> 
     </span>
     <span class='ocr_line' id='line_1_25' title="bbox 407 3427 1358 3522; baseline 0.002 -26"><span class='ocrx_word' id='word_1_152' title='bbox 407 3448 539 3520; x_wconf 86' lang='lat' dir='ltr'><strong>regem,</strong></span> <span class='ocrx_word' id='word_1_153' title='bbox 570 3435 607 3498; x_wconf 93' lang='lat' dir='ltr'><strong>et</strong></span> <span class='ocrx_word' id='word_1_154' title='bbox 640 3433 769 3521; x_wconf 86' lang='lat' dir='ltr'><strong>petens</strong></span> <span class='ocrx_word' id='word_1_155' title='bbox 799 3427 975 3499; x_wconf 88' lang='lat' dir='ltr'><strong>auxilium</strong></span> <span class='ocrx_word' id='word_1_156' title='bbox 1004 3436 1131 3499; x_wconf 85' lang='lat' dir='ltr'><strong>contra</strong></span> <span class='ocrx_word' id='word_1_157' title='bbox 1159 3435 1358 3522; x_wconf 87' lang='lat' dir='ltr'><strong>tyrannum</strong></span> 
     </span>
     <span class='ocr_line' id='line_1_26' title="bbox 406 3541 1356 3638; baseline 0.002 -25"><span class='ocrx_word' id='word_1_158' title='bbox 406 3541 638 3628; x_wconf 85' lang='lat' dir='ltr'><strong>Francorum,</strong></span> <span class='ocrx_word' id='word_1_159' title='bbox 658 3541 721 3638; x_wconf 89' lang='lat' dir='ltr'><strong>qui</strong></span> <span class='ocrx_word' id='word_1_160' title='bbox 737 3550 851 3614; x_wconf 86' lang='lat' dir='ltr'><strong>terras</strong></span> <span class='ocrx_word' id='word_1_161' title='bbox 868 3551 904 3615; x_wconf 81' lang='lat' dir='ltr'><strong>et</strong></span> <span class='ocrx_word' id='word_1_162' title='bbox 921 3542 1167 3637; x_wconf 85' lang='lat' dir='ltr'><strong>possessiones</strong></span> <span class='ocrx_word' id='word_1_163' title='bbox 1185 3565 1269 3614; x_wconf 88' lang='lat' dir='ltr'><strong>suas</strong></span> <span class='ocrx_word' id='word_1_164' title='bbox 1288 3543 1356 3615; x_wconf 91' lang='lat' dir='ltr'><strong>sibi</strong></span> 
     </span>
     <span class='ocr_line' id='line_1_27' title="bbox 405 3654 1357 3754; baseline 0.005 -29"><span class='ocrx_word' id='word_1_165' title='bbox 405 3654 561 3729; x_wconf 89' lang='lat' dir='ltr'><strong>detinuit</strong></span> <span class='ocrx_word' id='word_1_166' title='bbox 584 3664 620 3728; x_wconf 86' lang='lat' dir='ltr'><strong>et</strong></span> <span class='ocrx_word' id='word_1_167' title='bbox 642 3657 791 3729; x_wconf 88' lang='lat' dir='ltr'><strong>abstulit</strong></span> <span class='ocrx_word' id='word_1_168' title='bbox 813 3656 959 3751; x_wconf 85' lang='lat' dir='ltr'><strong>injuste,</strong></span> <span class='ocrx_word' id='word_1_169' title='bbox 979 3655 1076 3728; x_wconf 86' lang='lat' dir='ltr'><strong>facto</strong></span> <span class='ocrx_word' id='word_1_170' title='bbox 1093 3657 1168 3752; x_wconf 87' lang='lat' dir='ltr'><strong>rogi</strong></span> <span class='ocrx_word' id='word_1_171' title='bbox 1186 3657 1357 3754; x_wconf 83' lang='lat' dir='ltr'><strong>homagio</strong></span> 
     </span>
     <span class='ocr_line' id='line_1_28' title="bbox 401 3769 1355 3868; baseline 0.007 -28"><span class='ocrx_word' id='word_1_172' title='bbox 401 3769 538 3864; x_wconf 84' lang='lat' dir='ltr'><strong>juravit</strong></span> <span class='ocrx_word' id='word_1_173' title='bbox 560 3772 627 3843; x_wconf 93' lang='lat' dir='ltr'><strong>sibi</strong></span> <span class='ocrx_word' id='word_1_174' title='bbox 652 3772 874 3844; x_wconf 90' lang='lat' dir='ltr'><strong>fidelitatem.</strong></span> <span class='ocrx_word' id='word_1_175' title='bbox 928 3772 1060 3845; x_wconf 89' lang='lat' dir='ltr'><strong>Postea</strong></span> <span class='ocrx_word' id='word_1_176' title='bbox 1075 3773 1249 3868; x_wconf 88' lang='lat' dir='ltr'><strong>poenituit</strong></span> <span class='ocrx_word' id='word_1_177' title='bbox 1266 3797 1355 3847; x_wconf 94' lang='lat' dir='ltr'><strong>eun-</strong></span> 
     </span>
     <span class='ocr_line' id='line_1_29' title="bbox 405 3884 1356 3985; baseline 0.006 -29"><span class='ocrx_word' id='word_1_178' title='bbox 405 3884 488 3957; x_wconf 89' lang='lat' dir='ltr'><strong>dem</strong></span> <span class='ocrx_word' id='word_1_179' title='bbox 505 3897 696 3981; x_wconf 89' lang='lat' dir='ltr'><strong>propterea</strong></span> <span class='ocrx_word' id='word_1_180' title='bbox 712 3910 926 3960; x_wconf 87' lang='lat' dir='ltr'><strong>conversum</strong></span> <span class='ocrx_word' id='word_1_181' title='bbox 943 3888 982 3959; x_wconf 92' lang='lat' dir='ltr'><strong>in</strong></span> <span class='ocrx_word' id='word_1_182' title='bbox 998 3888 1243 3983; x_wconf 87' lang='lat' dir='ltr'><strong>proditionem</strong></span> <span class='ocrx_word' id='word_1_183' title='bbox 1260 3891 1356 3985; x_wconf 86' lang='lat' dir='ltr'><strong>regis</strong></span> 
     </span>
    </p>
   </div>
   <div class='ocr_carea' id='block_1_4' title="bbox 274 4001 1354 4098">
    <p class='ocr_par' dir='ltr' id='par_1_4' title="bbox 274 4001 1354 4098">
     <span class='ocr_line' id='line_1_30' title="bbox 274 4001 1354 4098; baseline 0.002 -24"><span class='ocrx_word' id='word_1_184' title='bbox 274 4070 276 4074; x_wconf 87' lang='lat'>.</span> <span class='ocrx_word' id='word_1_185' title='bbox 404 4009 447 4072; x_wconf 90' lang='lat' dir='ltr'><strong>ut</strong></span> <span class='ocrx_word' id='word_1_186' title='bbox 469 4001 628 4096; x_wconf 88' lang='lat' dir='ltr'><strong>placaret</strong></span> <span class='ocrx_word' id='word_1_187' title='bbox 650 4001 778 4076; x_wconf 83' lang='lat' dir='ltr'><strong>faciem</strong></span> <span class='ocrx_word' id='word_1_188' title='bbox 801 4003 946 4098; x_wconf 90' lang='lat' dir='ltr'><strong>tyranni</strong></span> <span class='ocrx_word' id='word_1_189' title='bbox 968 4002 1203 4092; x_wconf 62' lang='lat' dir='ltr'><strong>Francorum,</strong></span> <span class='ocrx_word' id='word_1_190' title='bbox 1223 4016 1260 4077; x_wconf 90' lang='lat' dir='ltr'><strong>et</strong></span> <span class='ocrx_word' id='word_1_191' title='bbox 1283 4006 1354 4078; x_wconf 94' lang='lat' dir='ltr'><strong>hoc</strong></span> 
     </span>
    </p>
   </div>
   <div class='ocr_carea' id='block_1_5' title="bbox 404 4117 1354 4331">
    <p class='ocr_par' dir='ltr' id='par_1_5' title="bbox 404 4117 1354 4331">
     <span class='ocr_line' id='line_1_31' title="bbox 404 4117 945 4213; baseline 0.006 -26"><span class='ocrx_word' id='word_1_192' title='bbox 404 4117 442 4188; x_wconf 92' lang='lat' dir='ltr'><strong>in</strong></span> <span class='ocrx_word' id='word_1_193' title='bbox 459 4118 692 4213; x_wconf 91' lang='lat' dir='ltr'><strong>sequentibus</strong></span> <span class='ocrx_word' id='word_1_194' title='bbox 709 4118 777 4190; x_wconf 91' lang='lat' dir='ltr'><strong>erit</strong></span> <span class='ocrx_word' id='word_1_195' title='bbox 793 4128 945 4192; x_wconf 89' lang='lat' dir='ltr'><strong>tactum.</strong></span> 
     </span>
     <span class='ocr_line' id='line_1_32' title="bbox 453 4231 1354 4331; baseline 0.007 -27"><span class='ocrx_word' id='word_1_196' title='bbox 453 4231 602 4306; x_wconf 93' lang='lat' dir='ltr'><strong>ANNO</strong></span> <span class='ocrx_word' id='word_1_197' title='bbox 626 4233 775 4306; x_wconf 90' lang='lat' dir='ltr'><strong>Domini</strong></span> <span class='ocrx_word' id='word_1_198' title='bbox 798 4235 904 4321; x_wconf 82' lang='lat'><strong>1346,</strong></span> <span class='ocrx_word' id='word_1_199' title='bbox 924 4239 1017 4331; x_wconf 85' lang='lat' dir='ltr'><strong>regis</strong></span> <span class='ocrx_word' id='word_1_200' title='bbox 1036 4260 1132 4311; x_wconf 89' lang='lat' dir='ltr'><strong>anno</strong></span> <span class='ocrx_word' id='word_1_201' title='bbox 1151 4241 1211 4327; x_wconf 88' lang='grc'><strong>20,</strong></span> <span class='ocrx_word' id='word_1_202' title='bbox 1230 4261 1354 4311; x_wconf 89' lang='lat' dir='ltr'><strong>comes</strong></span> 
     </span>
    </p>
   </div>
   <div class='ocr_carea' id='block_1_6' title="bbox 0 0 1564 5008">
    <p class='ocr_par' dir='ltr' id='par_1_6' title="bbox 0 0 1564 5008">
     <span class='ocr_line' id='line_1_33' title="bbox 0 0 1564 5008; baseline 0 5"><span class='ocrx_word' id='word_1_203' title='bbox 0 0 1564 5008; x_wconf 95' lang='lat' dir='ltr'><strong> </strong></span> 
     </span>
    </p>
   </div>
  </div>
 </body>
</html>
