3142 5028
371 651 420 720 40
634 668 861 718 cirnoiucou
882 669 1064 717 onnrnrnr

421 795 516 868 AD.
547 798 653 868 1312.
705 795 741 866 A
768 795 958 868 nativitate
984 795 1204 869 serenissimi
1231 799 1326 894 regis
1390 779 1391 784 Ἰ

374 913 543 988 Edwardi
561 921 643 1010 post
661 920 903 1008 conquestum
915 911 1025 999 tertii,
1037 912 1095 984 die
1112 913 1229 987 sancti
1245 913 1327 986 Bri-

373 1031 420 1104 cii
439 1029 655 1103 confessoris
673 1029 770 1125 apud
784 1027 1011 1103 Windesore.
1063 1029 1225 1103 Istorum
1241 1033 1327 1104 sub-

273 1177 278 1186 ’
374 1147 594 1242 scriptorum
628 1170 696 1241 pro
730 1144 984 1217 reformatione
1018 1153 1133 1218 status
1167 1146 1261 1242 regis
1290 1155 1327 1218 et

373 1263 476 1358 regni
511 1262 659 1359 quidam
692 1260 840 1334 fuerunt
878 1260 1059 1334 interfecti
1096 1270 1132 1334 et
1166 1260 1325 1357 quidam,

374 1388 485 1476 prout
515 1378 664 1452 inferius
694 1377 844 1474 patebit,
874 1376 1052 1450 instinctu
1086 1387 1123 1450 et
1157 1401 1327 1474 procura-

375 1496 474 1568 tione
492 1496 795 1593 dispensatorum,
814 1502 851 1566 et
867 1494 1021 1567 aliorum
1038 1495 1218 1567 malorum
1243 1519 1328 1568 con-

376 1611 575 1686 siliantium
593 1613 632 1684 in
649 1635 791 1684 carcere
808 1610 958 1697 detrusi,
976 1610 1143 1683 videlicet
1160 1610 1329 1684 dominus

375 1728 535 1802 Thomas
570 1750 691 1802 comes
726 1727 944 1800 Lancastriae
975 1751 1041 1822 per
1069 1726 1255 1799 Andream
1284 1727 1328 1798 de

376 1843 561 1938 Herheley
581 1851 618 1915 et
643 1842 732 1914 alios
758 1843 881 1938 plures
906 1842 1120 1916 indiscretos
1146 1843 1246 1940 pacis
1271 1867 1330 1916 ec-

376 1959 495 2032 clesiae
520 1967 557 2032 et
582 1959 684 2054 regni
709 1960 990 2055 perturbatores²
1009 1960 1106 2056 apud
1130 1960 1330 2056 Burhrigge

377 2084 453 2148 erat
472 2083 612 2170 captus,
631 2083 667 2147 et
680 2076 787 2170 juxta
804 2074 1007 2148 Pomlreide
1028 2100 1095 2172 pro
1115 2077 1195 2171 jure
1212 2077 1330 2149 eccle·

378 2192 440 2265 siae
462 2200 500 2264 et
522 2191 623 2287 regni
640 2192 850 2265 decollatus.
904 2189 1086 2265 Dominus
1103 2191 1329 2264 Hurnfredus

377 2307 423 2380 de
446 2307 580 2381 Bohun
602 2332 723 2382 comes
747 2308 982 2395 Herefordiae,
1001 2309 1170 2382 dominus
1188 2309 1328 2381 Willel-

378 2449 461 2499 mus
479 2427 523 2500 de
542 2425 650 2499 Sulee
671 2435 707 2499 et
728 2425 897 2498 dominus
916 2425 1079 2520 Rogerus
1101 2426 1144 2499 de
1167 2425 1329 2513 Burseld,

377 2566 464 2615 cum
489 2543 616 2615 multis
641 2542 719 2615 aliis
746 2542 844 2638 apud
869 2541 1070 2638 Burhrigge
1096 2551 1198 2614 erant
1220 2542 1330 2615 inter-

377 2658 727 2732 tectim-45.

427 2775 578 2849 Domini
592 2775 765 2850 Warinus
778 2777 824 2849 de
840 2775 944 2865 Lille,
957 2774 1163 2849 Willelmus
1175 2775 1327 2861 Tochet,

377 2891 538 2965 Thomas
548 2892 751 2979 Mauduite,
764 2892 945 2967 Henricus
959 2893 1226 2980 Bradebourne,
1236 2891 1329 2963 Wil-

377 3009 508 3080 lelmus
542 3006 640 3080 filius
674 3008 851 3080 Willelmi
880 3009 1016 3104 junior,
1046 3007 1251 3082 Willelmus
1285 3009 1329 3080 de

380 3121 523 3219 Cheiny
533 3131 636 3194 erant
649 3124 756 3196 tracti
767 3124 864 3220 apud
874 3123 1094 3198 Pomlreithe
1105 3134 1141 3197 et
1151 3124 1330 3221 suspensi.

430 3237 580 3311 Domini
596 3237 757 3312 Joannes
774 3239 968 3336 Moubray,
986 3239 1149 3335 Rogerus
1173 3241 1217 3312 de
1241 3238 1331 3312 Clis-

379 3354 492 3443 forde‚
521 3353 708 3428 Jocelinus
735 3355 887 3453 Deyvile
917 3356 1023 3431 tracti
1053 3365 1156 3430 erant
1185 3365 1222 3430 et
1252 3379 1331 3430 sus·

378 3471 484 3566 pensi
500 3471 597 3567 apud
614 3471 830 3546 Eboracum.

431 3585 613 3660 Dominus
656 3586 945 3662 Bartholomaeus
988 3589 1032 3660 de
1075 3588 1333 3662 Badelusmere

321 3793 322 3798 ἵ
382 3713 520 3777 tractus
538 3705 607 3778 suit
624 3714 662 3778 et
678 3730 877 3802 suspensus
894 3705 992 3801 apud
1009 3703 1254 3779 Cantuariam.

433 3819 583 3892 Domini
612 3819 795 3894 Henricus
823 3822 867 3894 de
893 3820 1121 3906 Monteforti,
1150 3820 1334 3894 Henricus

298 3979 306 4005 .
366 3921 425 4007 'de
443 3933 681 4031 Wihngtnnr,
709 3938 819 4032 capti,
843 3937 950 4010 tracti
976 3946 1012 4010 et
1038 3939 1206 4035 suspensi
1231 3948 1335 4012 erant

378 4054 477 4149 apud
493 4052 717 4125 Bristolliam
919 4054 979 4127 26.

428 4169 521 4242 AD.
546 4171 652 4245 1321.
692 4168 843 4242 Domini
859 4170 1021 4245 Joannes
1040 4170 1192 4260 Giffard,
1212 4172 1329 4268 Roge-

375 4309 437 4358 rus
464 4287 508 4360 de
533 4286 765 4383 Elingbrigge
792 4289 899 4360 tracti
924 4288 1072 4361 suerunt
1099 4297 1135 4362 et
1161 4289 1329 4384 suspensi
