3118 5008
351 581 426 658 164
601 601 832 651 onaoxrcon
852 598 1036 650 orarium
1085 578 1302 669 [1111346.

349 756 477 808 corum
502 729 572 802 suit
597 730 636 800 in
663 751 795 800 novem
821 736 959 799 turmas
990 725 1148 799 divisus:
1183 719 1303 822 prima

349 847 516 922 custodia
538 846 613 941 regi
637 844 834 928 Bohemiae,
853 842 932 914 viro
954 866 1094 938 magnae
1118 843 1303 938 sapientiae

349 973 387 1036 et
414 987 598 1036 armorum
625 961 854 1057 experientiae
880 960 1212 1046 commendabatur,
1240 961 1302 1056 qui

350 1081 476 1155 eodem
502 1080 560 1152 die
585 1079 623 1151 in
647 1077 901 1174 purgationem
924 1101 999 1149 suae
1022 1077 1126 1150 famae
1151 1076 1257 1174 petiit
1282 1101 1304 1150 a

350 1209 504 1295 tyranno
530 1197 690 1294 primum
720 1196 905 1280 ducatum,
935 1203 1043 1290 atque
1073 1195 1304 1291 prophetavit

350 1341 389 1388 se
416 1314 632 1388 moriturum
658 1321 786 1386 contra
812 1313 1027 1385 nobiliorem
1053 1313 1182 1385 mundi
1212 1313 1305 1383 mili-

350 1442 448 1519 tem3
476 1431 545 1504 sibi
562 1432 659 1504 enirn
681 1427 815 1502 dicenti
835 1453 955 1524 regern
973 1427 1113 1524 Angliae
1130 1453 1203 1502 non
1227 1452 1305 1500 esse

351 1546 476 1643 fugam
523 1547 700 1618 initurum
742 1544 812 1616 fuit
854 1544 1022 1616 vecordia
1064 1545 1303 1640 inproperata,

228 1660 253 1684 ''
351 1665 449 1736 unde
473 1663 634 1758 regimen
655 1660 781 1758 primae
804 1659 979 1732 custodiae
1001 1660 1127 1732 habuit
1149 1684 1233 1732 cum
1250 1661 1305 1730 in-

353 1779 486 1852 stantia
528 1801 670 1872 magna.
739 1775 899 1848 Tantum
934 1776 1053 1848 securi
1087 1775 1233 1849 fuerunt
1267 1775 1306 1846 in

352 1892 587 1967 multitudine
617 1893 674 1964 sui
703 1894 884 1965 exercitus
909 1890 1041 1980 ‘heroes
1071 1893 1306 1977 Francorum,

353 2010 451 2107 quod
477 2009 611 2105 singuli
636 2010 818 2105 petierunt
845 2009 1005 2104 singulas
1031 2033 1202 2105 personas
1228 2009 1306 2080 An-

354 2126 465 2223 glicas
484 2125 558 2198 suis
577 2127 782 2199 carceribus
801 2126 1069 2221 mancipandas.
1122 2126 1202 2198 Rex
1224 2125 1307 2198 Ma-

351 2241 476 2337 logriae
505 2243 610 2338 petiit
645 2267 763 2339 regern
793 2242 998 2337 Anglorum
1029 2241 1096 2314 sibi
1126 2243 1214 2330 dari,
1247 2242 1307 2314 alii

353 2358 567 2456 principem,
603 2360 664 2431 alii
697 2359 867 2431 comitem
901 2358 1208 2456 Northamptone‚
1247 2360 1308 2432 alii

354 2476 456 2561 aliae,
488 2477 689 2549 secundum
724 2477 822 2572 quod
854 2476 1069 2548 videbantur
1102 2461 1307 2563 nobilioreS,

355 2592 418 2667 sed
432 2601 608 2689 tyrannus
621 2601 776 2678 astutus
792 2593 923 2664 timens
937 2617 982 2664 ne
996 2593 1094 2665 circa·
1104 2593 1309 2689 captionem

354 2707 534 2781 nobilium
573 2709 865 2782 redimendorum
903 2709 960 2781 sui
1000 2709 1119 2782 forent
1157 2709 1309 2782 nimium

355 2826 535 2922 occupati,
550 2834 586 2896 et
603 2825 754 2922 proinde
768 2825 913 2920 segnius
932 2824 978 2897 ad
991 2810 1224 2904 communem
1234 2827 1308 2898 vic-

355 2943 487 3016 toriam
514 2942 734 3028 anhelarent,
758 2942 868 3037 jussit
894 2943 1066 3039 explicari
1092 2967 1201 3018 suum
1223 2968 1309 3016 vex-

355 3060 459 3132 illum
486 3061 583 3153 quod
608 3067 760 3131 vocatur
787 3058 1051 3147 Oliflammum,
1079 3086 1151 3156 quo
1177 3069 1309 3148 erecto,

356 3199 432 3246 non
453 3175 557 3247 licuit
583 3175 650 3246 sub
673 3198 784 3269 poena
800 3176 929 3270 capitis
947 3177 1104 3272 aliquem
1121 3202 1249 3275 capere
1266 3176 1314 3249 ad·

273 3357 279 3380 ,
355 3291 471 3364 vitam
497 3291 764 3362 reservandum.
817 3291 1028 3366 Vocabatur
1053 3295 1203 3391 inquam
1231 3294 1310 3366 Oli-

357 3407 556 3493 flammum,
593 3405 738 3500 signans
773 3407 1057 3483 misericordiam
1091 3412 1312 3486 Francorum

357 3523 545 3596 incensam
562 3523 718 3619 aliquem
736 3527 926 3599 mortalem
943 3553 1050 3624 posse
1068 3553 1249 3602 reservare
1266 3529 1313 3602 ad

358 3638 472 3712 vitam
498 3663 572 3711 non
597 3664 715 3736 posse,
741 3643 838 3717 sicut
868 3668 934 3718 nec
964 3647 1085 3718 oleum
1111 3646 1312 3718 inflamma-

359 3764 439 3830 tum
463 3756 572 3829 alicui
592 3759 777 3832 cremabili
799 3786 906 3858 posse
930 3785 1097 3857 parcere:
1122 3761 1174 3832 ita
1197 3763 1312 3833 vexil-

263 3927 265 3931 -
358 3871 436 3948 lum
466 3874 514 3946 ad
542 3875 706 3949 dextram
736 3878 949 3950 stationardi
979 3877 1106 3972 regalis
1137 3877 1310 3966 Francia,

358 3989 486 4063 habuit
511 4016 621 4066 aurea
640 3993 716 4064 lilia
738 3994 811 4065 lata
834 4017 919 4065 cum
944 3992 1014 4064 filis
1041 3994 1158 4067 aureis
1179 4020 1202 4068 a
1223 3997 1312 4068 late-

357 4105 459 4181 ribus
485 4107 609 4180 vexilli
630 4107 723 4202 regii
748 4106 983 4196 Francorum,
1003 4111 1105 4206 quasi
1131 4111 1169 4185 in
1193 4137 1311 4186 vacuo

358 4224 607 4322 dependentia.
647 4223 679 4294 E
696 4232 823 4297 contra
840 4249 903 4298 rex
920 4226 1062 4323 Angliae
1075 4231 1185 4325 jussit
1203 4254 1311 4303 suum
