3118 5008
225 646 301 735 mn.
316 661 439 752 1346]
485 685 531 733 na
551 685 678 733 annun
699 683 746 732 oa
765 683 1006 734 swrnsnorrn.
1107 663 1178 739 173

222 812 387 906 proficiet
403 818 530 884 nostro
548 810 735 897 exercitui,
755 835 864 906 quam
887 821 1061 884 nocerent
1080 813 1178 886 mille

223 925 359 1000 Scoti.”
412 927 481 1000 Illo
515 927 641 1022 fugam
675 927 837 1015 ineunte,
868 929 989 1002 caeteri
1022 928 1178 1002 fideliter

222 1069 305 1118 curn
336 1071 402 1119 suo
434 1071 517 1142 rege
548 1045 795 1141 persistentes
828 1046 991 1140 pulcram
1022 1058 1178 1120 mortem

221 1164 321 1259 turpi
349 1165 433 1237 vitae
464 1164 713 1259 praetulerunt.
768 1161 957 1235 Steterunt
982 1188 1113 1260 nempe
1138 1165 1177 1237 in

221 1280 373 1352 modum
407 1278 554 1349 rotundi
596 1276 706 1349 turris
747 1278 947 1372 glomerati,
983 1303 1105 1374 regem
1139 1281 1178 1352 in

222 1395 344 1466 medio
364 1401 608 1491 protegentes,
628 1417 816 1488 quousque
840 1394 901 1465 vix
924 1394 1067 1467 fuerant
1090 1420 1177 1490 qua-

225 1511 393 1606 draginta
411 1509 624 1606 superstites
647 1509 774 1595 relicti,
793 1510 839 1581 de
862 1510 993 1606 quibus
1016 1535 1091 1584 non
1114 1537 1178 1608 po-

223 1628 296 1700 tuit
335 1628 464 1723 aliquis
504 1628 671 1723 effugere.
739 1626 900 1711 Tandem
936 1651 1060 1700 eorum
1095 1653 1179 1724 rege

221 1744 342 1818 David
365 1769 432 1842 per
456 1744 663 1817 Johannem
690 1744 734 1817 de
762 1743 950 1841 Copeland
981 1746 1176 1843 captivam,

222 1871 258 1935 et
281 1871 496 1935 caeterorum
518 1861 680 1957 quolibet
702 1861 823 1935 occiso
849 1871 913 1934 aut
938 1862 1178 1961 redemptioni

224 1987 417 2066 reservato,
445 1979 592 2051 illorum
618 1978 711 2065 dice,
738 1978 801 2073 qui
827 2003 911 2053 cum
937 2002 1020 2074 rege
1046 1980 1177 2075 persti-

221 2102 356 2182 terunt,
376 2095 466 2169 alios
484 2095 658 2191 fugitivos
677 2095 960 2192 insequebantur
980 2097 1177 2169 occidendo

226 2219 263 2282 et
280 2212 467 2308 capiendo,
485 2236 602 2306 usque
625 2211 672 2283 ad
694 2211 875 2284 Prudhow
892 2221 928 2284 et
946 2209 1175 2308 Corebrigge.

224 2327 267 2401 ln
302 2338 405 2401 tanto
440 2327 636 2401 certamine
670 2326 817 2399 fuerunt
851 2328 949 2423 capti
982 2326 1102 2403 David
1132 2331 1177 2400 de

223 2444 343 2542 Bruys
370 2469 433 2517 rex
461 2442 668 2530 Scotorum,
693 2465 814 2515 comes
827 2443 886 2515 *de
911 2441 1092 2529 Menteth,
1117 2467 1177 2515 co-

220 2587 298 2636 mes
325 2564 370 2635 de
396 2563 501 2648 Fiffe,
532 2561 701 2633 dominus
731 2559 953 2632 Malcolmus
980 2559 1177 2656 Fleminge,

222 2704 345 2754 comes
372 2679 416 2751 de
443 2677 630 2763 Wixtone,
655 2674 861 2748 Willelmus
886 2675 1061 2772 Douglas,
1086 2677 1178 2748 Wil-

221 2799 353 2870 lelmus
377 2797 421 2869 de
445 2794 701 2890 [evingstone
724 2792 909 2866 Walterus
936 2794 980 2866 de
1006 2793 1178 2867 Halibur-

221 2923 321 3000 tone,
339 2912 526 2990 Johannes
549 2910 724 3007 Douglas,
743 2909 863 2983 David
886 2911 930 2982 de
951 2911 1095 2997 Anand,
1113 2910 1178 2983 Jo-

223 3030 363 3103 hannes
398 3030 443 3102 de
474 3027 576 3101 Seint
603 3025 721 3113 Clere,
748 3026 955 3100 Willelmus
984 3025 1177 3124 Moubray,

222 3144 342 3220 David
365 3145 462 3220 filius
492 3143 653 3230 Roberti‚
678 3143 736 3216 fiz.
767 3142 874 3217 Cant.
899 3143 1105 3217 Willelmus
1133 3146 1178 3217 de

223 3262 390 3358 Ramsey,
403 3262 522 3334 Adam
535 3260 697 3354 Moigne,
716 3259 903 3335 Johannes
922 3259 1086 3349 Stiward,
1105 3262 1178 3335 Ro-

224 3403 330 3475 gerus
352 3380 397 3452 de
420 3378 651 3473 Kirkpatrik,
670 3377 857 3450 Johannes
878 3377 1013 3463 Hume,
1031 3388 1068 3452 et
1085 3377 1178 3450 Wil-

222 3497 352 3568 lelmus
369 3493 495 3566 Morre
507 3494 652 3580 milites,
666 3492 826 3566 Jacobus
844 3493 1097 3582 Sandelfiome‚
1116 3494 1141 3566 J
1142 3520 1179 3568 a·

225 3612 337 3686 cobus
355 3609 503 3696 Lorein,
526 3618 562 3682 et
584 3608 767 3681 Henricus
792 3610 849 3681 del
874 3608 962 3697 Ker,
983 3611 1176 3685 domicelli.

225 3726 350 3802 Occisi
366 3726 515 3799 fuerunt
535 3725 573 3796 in
596 3725 724 3798 eodem
739 3726 834 3798 bello
852 3749 974 3800 comes
992 3727 1036 3800 de
1055 3727 1178 3814 Moris,

191 3871 193 3875 ’
224 3853 261 3918 et
279 3867 401 3918 comes
423 3842 468 3915 de
492 3840 688 3928 Strateme,
706 3841 795 3914 item
812 3842 1018 3917 Alexander
1036 3844 1179 3940 Stragy,

184 3969 186 3978 ⁴
224 3959 411 4034 Johannes
436 3959 480 4032 de
505 3957 771 4055 Halyburtone,
797 3957 978 4032 Henricus
1001 3962 1046 4033 de
1069 3961 1178 4032 Ram-
1212 4055 1217 4060 ῃ

226 4100 360 4173 mesey,
374 4075 477 4150 Naso
495 4076 540 4149 de
557 4075 783 4173 Rammesey,
799 4075 914 4149 Adam
927 4075 1177 4162 Nilkessoner,

225 4191 387 4266 Thomas
428 4190 564 4289 Boyde,
598 4190 787 4265 Johannes
827 4189 1002 4287 Styward,
1038 4191 1178 4264 Alanus
1255 4195 1258 4200 '

226 4306 403 4406 Stywnrd
449 4309 570 4382 David
604 4309 647 4381 de
681 4309 717 4380 la
750 4307 868 4404 Haye,
902 4306 1099 4381 Edwardus
1135 4309 1179 4383 de
