3110 5026
330 636 404 708 256
589 655 816 708 canonicos
836 620 1020 705 arcarum
1066 631 1159 721 [no.
1178 631 1286 704 1356.

327 783 434 859 debet
460 795 643 881 generare,
664 781 762 879 quod
786 782 817 854 si
838 781 1195 877 virtuti‘cujuspiam
1217 781 1289 854 viri

325 927 424 975 mors
447 913 511 976 aut
534 912 571 976 et
595 925 675 974 sors
697 901 782 986 sint,
802 900 900 995 quod
922 900 1028 986 absit,
1050 900 1286 995 praevalituri,

326 1028 450 1092 cavete
478 1019 664 1092 navitam
691 1041 758 1113 pro
786 1015 900 1088 nihilo
928 1015 1088 1110 perdatis
1116 1016 1284 1103 inultam,

325 1134 389 1206 sed
423 1159 523 1207 more
555 1135 730 1218 virorum,
759 1132 894 1204 nedum
921 1132 1010 1204 victi
1038 1133 1102 1204 sed
1136 1133 1285 1206 vincen-

325 1261 392 1337 teS,
416 1251 526 1324 finem
549 1252 745 1324 honestum
769 1248 939 1335 subeatis
965 1273 1011 1320 ne
1034 1249 1169 1345 captivi
1191 1250 1286 1323 sicut

324 1391 459 1464 peoora
500 1365 752 1444 traducamini⁴
774 1366 883 1456 longa
916 1374 1034 1437 morte
1067 1366 1282 1438 mulctandi.

326 1486 376 1556 Et
410 1483 567 1580 cogitate
602 1482 699 1578 quod
733 1505 800 1576 pro
831 1480 986 1575 justitia,
1017 1506 1126 1577 quam
1160 1507 1284 1579 prose-

325 1601 483 1696 quimur,
509 1607 718 1671 constanter
741 1606 901 1692 agenteS,
925 1597 1000 1669 sive
1024 1598 1182 1671 vivimus
1208 1599 1284 1672 sive

324 1717 513 1802 morimur,
540 1715 692 1787 Domini
715 1738 854 1800 sumus
879 1715 918 1786 in
940 1739 1013 1810 qua
1034 1716 1097 1810 qui
1117 1733 1285 1811 perseve-

323 1830 458 1903 raverit
484 1850 600 1924 usque
635 1828 681 1900 ad
715 1837 883 1915 mortem,
914 1831 1034 1902 salvus
1062 1831 1142 1918 erit,
1172 1856 1283 1927 quam

323 1947 386 2042 qui
416 1946 608 2043 patiuntur
634 1955 787 2041 propter
809 1945 1002 2040 justitiam,
1033 1946 1199 2042 ipsorum
1228 1957 1296 2021 est.

323 2087 476 2158 regnum
494 2063 710 2134 coelorum.''

332 2237 341 2249 ..
372 2179 443 2252 His
465 2165 780 2252 verbisvirtuosis
805 2179 945 2252 animos
969 2179 1099 2253 heriles
1124 2190 1284 2256 arrectos

322 2297 514 2392 magnifice.
539 2297 584 2368 de
610 2296 782 2370 exteriori
805 2297 896 2370 facie
924 2299 1168 2395 conspicatus,
1195 2324 1287 2395 pru·.

324 2416 413 2488 dens
457 2415 655 2510 imperator
689 2415 736 2487 ad
769 2414 1039 2509 sagittariorum
1076 2415 1285 2490 clientelam

323 2553 534 2616 conversus,
548 2521 619 2602 ‘tali
635 2530 797 2602 oratione
815 2529 1035 2634 confortavit
1052 2556 1126 2604 eos.
1154 2532 1285 2612 ,“Vir-.

321 2660 381 2733 tus
424 2648 589 2744 fidesque
630 2656 751 2721 vestra
789 2649 877 2720 satis
917 2650 1160 2745 comprobatae
1193 2660 1282 2725 sunt

320 2761 423 2848 mihi,
446 2761 508 2857 qui
534 2760 660 2834 multis
686 2769 723 2832 et
748 2761 889 2856 magnis
916 2761 1193 2858 tempestatibus
1220 2788 1279 2837 os-

320 2878 489 2960 tendistis
515 2902 582 2950 vos
611 2901 685 2949 non
713 2879 904 2972 degeneres
931 2878 1035 2965 filios,
1063 2887 1100 2950 et
1126 2903 1282 2953 consan-

323 2995 474 3090 guineos
499 3018 637 3080 eorum,
657 2993 801 3089 quibus,
821 2995 888 3066 sub
912 2994 1048 3068 ducatu
1071 2996 1185 3092 patris
1208 2998 1299 3074 mei·

282 3209 284 3213 ι
322 3120 626 3206 prosatorumque
648 3134 814 3183 meorum
834 3135 962 3206 regum
980 3111 1132 3208 Angliae,
1156 3114 1278 3188 nullus

322 3225 424 3306 labor
458 3233 537 3296 erat
569 3223 800 3310 invincibilis,
832 3248 907 3297 non
936 3226 1039 3297 locus
1072 3229 1170 3302 ullus
1203 3253 1281 3326 prae

323 3339 516 3434 asperitate
550 3338 777 3424 immeabilis,
808 3362 883 3411 non
913 3364 1019 3414 mons
1054 3346 1190 3419 arduus
1222 3347 1279 3420 in'·

323 3455 552 3544 accessibilis,
582 3478 656 3526 non
683 3455 795 3530 turris
822 3457 976 3533 firmitas
1004 3461 1279 3558 inacquiribilis,

321 3597 398 3660 non
436 3571 616 3644 exercitus
658 3573 954 3669 impenetrabilis,
998 3603 1075 3651 non
1117 3589 1278 3654 armatus

320 3689 437 3762 hostis
466 3687 715 3763 formidabilis.
775 3690 927 3766 Illorum
960 3695 1134 3768 vivacitas
1163 3697 1282 3770 Fran-.

321 3829 396 3895 cos,
432 3804 601 3904 Cyprios,
638 3806 896 3905 Syracusanos,
936 3821 972 3884 et
1012 3809 1275 3902 Calabrienses,

320 3933 429 4021 atque
471 3923 684 3998 Palaestinos
727 3926 927 4011 domuerat,
966 3933 1003 3998 et
1035 3924 1279 4017 ‘indomabilis

320 4043 470 4122 cervicis
498 4040 628 4129 Scotos
654 4050 691 4115 et
716 4042 944 4144 Hibernicos
972 4029 1275 4137 patientissimos

320 4177 392 4256 que
423 4159 556 4235 laboris
582 4158 764 4256 Wallicos·
791 4157 943 4253 subegit.
997 4157 1082 4247 Res,
1114 4168 1276 4258 tempuS,

319 4275 492 4370 pericula,
512 4299 556 4349 ex
575 4274 710 4350 timidis
732 4273 857 4364 fortes
879 4285 916 4360 et
941 4301 986 4350 ex
1010 4278 1151 4353 obtusis
1175 4279 1278 4374 inger
