3136 5016
323 664 325 672 ,
370 591 416 667 76
633 613 861 664 CHRONIGON
880 613 1063 664 onnrnmr
1125 594 1322 685 [n.o.l324

367 768 509 830 manus,
524 753 560 817 et
579 743 744 839 Rogems
763 742 807 815 de
823 740 976 815 Mortuo
993 743 1097 829 mari,
1115 741 1322 818 immediate

367 859 630 934 secretissimus
643 869 752 955 atque
769 857 978 956 principalis
996 859 1041 932 de
1058 859 1200 955 privata
1217 860 1321 933 fami-

365 977 415 1050 lia
440 977 582 1074 reginae.
636 975 799 1050 Classem
825 976 871 1048 ad
894 976 1036 1072 Angliae
1061 977 1169 1050 litora
1190 987 1321 1051 ventus

367 1092 542 1166 directam
559 1091 705 1166 votivus
723 1091 863 1188 depulit
885 1091 923 1162 in
946 1099 1095 1187 portum
1113 1090 1318 1178 Horewille,

366 1209 424 1281 die
434 1208 588 1282 Veneris
605 1209 773 1306 proxima
789 1215 873 1280 ante
890 1207 1025 1280 festum
1043 1209 1159 1280 sancti
1177 1207 1318 1280 Micha-

366 1325 442 1412 elis,
461 1325 521 1398 cui
547 1349 586 1398 se
611 1325 738 1398 obvios
763 1321 1025 1397 confoederavit
1050 1346 1172 1395 comes
1198 1322 1319 1395 Mare-

366 1441 511 1514 scallius
534 1451 571 1514 et
597 1441 780 1514 Henricus
802 1463 925 1513 comes
945 1438 1162 1526 leicestriae,
1180 1449 1319 1512 etcum

365 1559 417 1632 eis
459 1560 640 1633 baronum
673 1566 782 1652 atque
817 1555 1108 1628 commilitonum
1149 1565 1320 1651 proterva

366 1674 575 1760 multitudo,
594 1697 661 1745 nec
679 1671 872 1744 defuerunt
896 1671 1036 1769 praelati
1058 1672 1210 1744 ducibus
1232 1695 1318 1746 con-

365 1800 422 1864 tra
454 1790 610 1885 patriam
652 1797 688 1860 et
731 1789 857 1885 patriae
892 1789 1093 1886 principem
1128 1787 1320 1862 infideliter

366 1904 567 1978 commixti.
630 1901 707 1976 Sed'
731 1905 825 1977 tanti
853 1905 1023 1978 facinoris
1052 1904 1318 1978 machinatores

366 2018 632 2092 sceleratissimi
657 2043 732 2093 suae
753 2019 952 2117 disciplinae
974 2021 1083 2128 annis
1104 2021 1220 2094 doctae
1242 2045 1318 2093 sce-

364 2136 449 2208 leris
479 2134 729 2223 obviaverunt,
760 2136 807 2208 ad
840 2137 936 2209 diem
970 2146 1213 2234 expectatum,
1244 2161 1318 2209 non

367 2252 513 2348 quidem
538 2251 782 2348 lanigerorum
808 2262 872 2325 aut
897 2253 1033 2339 ovium,
1059 2254 1123 2326 sed
1145 2255 1318 2350 luporum

366 2369 627 2465 armigerorum
651 2370 853 2443 crudelium
874 2380 1048 2466 pastores
1071 2370 1191 2443 minus
1209 2394 1316 2467 quam

331 2491 333 2494 ’
367 2488 523 2582 tyranni.
578 2486 724 2561 Horum
740 2487 930 2584 phalangis
947 2487 1128 2584 praecipue
1145 2487 1317 2560 ducatum

364 2604 549 2698 praebuere
573 2603 622 2676 ibi
645 2605 718 2677 duo
742 2604 900 2678 seniores
917 2628 939 2676 a
956 2603 1087 2701 quibus
1105 2628 1247 2700 egressa
1263 2614 1318 2676 est

213 2703 215 2706 ⁵
265 2814 267 2818 Ι
365 2720 587 2818 Babylonica
611 2733 738 2797 contra
761 2722 976 2796 Susannam.
1031 2723 1102 2796 Sed
1125 2748 1193 2819 pro
1212 2723 1316 2795 Jeza-

364 2839 442 2911 bele
460 2839 498 2912 hi
516 2838 804 2935 inquamBaalis
828 2841 1043 2924 sacerdotes,
1061 2841 1199 2912 alumni
1215 2840 1316 2914 Jesa-

365 2956 434 3042 bel,
470 2956 609 3027 scilicet
647 2954 911 3030 lincolniensis
945 2966 982 3030 et
1017 2956 1314 3043 HerefordiensiS,

365 3095 449 3143 cum
483 3071 527 3142 iis
562 3095 707 3166 quoque
741 3071 977 3146 Dublinensis
1012 3083 1120 3170 atque
1148 3074 1314 3161 Eliensis,

366 3211 451 3258 cum
468 3187 594 3258 eadem
614 3187 739 3282 regina
761 3213 933 3285 magnum
951 3191 1150 3265 exereitum
1168 3215 1315 3286 congre-

365 3311 516 3397 garunt:
544 3302 722 3399 proditori
737 3305 895 3379 facundo
911 3308 1021 3380 verba
1037 3307 1316 3380 committuntur

365 3416 645 3507 Herefordiensi,
665 3420 727 3516 qui
748 3423 857 3518 pleno
874 3424 1164 3520 conspiratorum
1186 3424 1315 3521 parlia-

365 3543 489 3606 mento
522 3537 716 3630 peroravit,
748 3537 942 3635 expediens
971 3539 1048 3613 sore
1078 3565 1189 3637 regno
1219 3541 1315 3636 quod

336 3736 344 3752 Ι
364 3658 475 3722 tantae
492 3653 690 3727 nobilitatis
708 3655 758 3728 ibi
775 3665 1001 3751 congregatae
1018 3658 1170 3730 consilio
1189 3681 1314 3753 regen-
1448 3709 1458 3724 ,

364 3765 433 3838 dus
462 3789 526 3838 rex
556 3779 812 3858 coarctaretur,
843 3773 975 3868 reginae
1005 3798 1150 3872 quoque
1180 3775 1316 3847 offensa

363 3881 593 3956 inexorabilis
622 3910 688 3980 per
716 3889 943 3962 voluntatem
973 3914 1077 3963 suam
1106 3891 1240 3963 factem
1271 3890 1314 3961 de

363 3996 556 4070 comitibus
573 3996 770 4071 Wintoniae
788 4014 825 4074 et
843 3999 1080 4075 Gloucestriae
1096 4004 1312 4099 placaretun

337 4177 341 4180 ,
364 4109 436 4185 Sed
445 4113 530 4209 quia
540 4139 606 4209 pro
618 4118 799 4189 constanti
813 4118 882 4190 suit
895 4120 992 4215 apud
1005 4143 1131 4192 omnes
1143 4118 1241 4214 quod
1251 4141 1314 4190 rex

361 4231 527 4305 amicitiae
541 4235 660 4307 cultor
670 4234 901 4310 fidelissimus
915 4262 1000 4312 suos
1014 4237 1150 4311 amicos
1164 4236 1314 4310 comites
