3136 5016
262 639 456 732 no.11.17.]
493 663 537 712 nn
557 664 685 713 sarum
704 664 752 713 nu
772 664 1012 714 swiussorrn.
1172 642 1213 718 71

259 789 360 875 lesio,
389 790 583 886 cujuslibet
610 789 814 864 facinorum
841 789 1050 878 artificioso,
1082 803 1219 866 secrete

259 907 457 995 consulere,
492 907 675 1002 quomodo
713 907 751 978 in
786 906 1065 1003 Dispensatores
1099 909 1217 982 vindi-

259 1030 350 1109 cata,
368 1023 532 1096 animum
555 1024 649 1120 regis
672 1024 795 1096 mariti
818 1025 1040 1097 serviturum
1066 1025 1136 1098 sibi
1161 1027 1216 1098 in-

258 1138 420 1226 clinaret,
435 1140 610 1235 dampvat
626 1165 726 1212 mare
744 1141 958 1236 spatiosum,
972 1139 1156 1214 Neustriae
1172 1142 1215 1214 li-

258 1261 339 1326 tora
352 1254 396 1326 ab
410 1254 543 1350 Anglia
555 1256 792 1350 distinguens.
821 1255 965 1328 Annuit
983 1280 1082 1330 mare
1100 1257 1215 1331 desic-

258 1380 383 1442 catum
400 1378 464 1442 aut
481 1378 578 1443 certe
594 1379 746 1466 pontem
763 1372 880 1443 latum
897 1395 1066 1445 securum
1076 1381 1120 1445 ut
1132 1397 1215 1470 pos-

259 1495 326 1573 set,
345 1509 435 1582 quas
447 1487 567 1574 imisit,
586 1487 689 1560 fratri
712 1496 749 1560 et
772 1488 953 1560 avunculo
974 1489 1116 1560 crebras
1139 1489 1215 1585 epi-

258 1602 371 1676 stolas
394 1603 474 1699 ipsa
497 1603 646 1676 deferre.
700 1602 891 1699 Angustiis
915 1604 1048 1677 talibus
1074 1613 1111 1677 et
1136 1606 1214 1678 aliis

257 1723 465 1810 latentibus,
484 1723 710 1819 indignatam
723 1723 885 1818 reginam
898 1725 978 1819 quis
993 1725 1214 1811 consolatur,

258 1839 328 1912 nisi
357 1841 464 1912 laesus
490 1863 556 1936 per
583 1841 741 1927 eosdem,
770 1840 907 1913 scilicet
935 1839 1214 1936 Dispensatores

259 1979 349 2050 quos
360 1965 550 2030 execratur
559 1955 826 2053 ipsa,uidelicet
837 1957 1029 2053 episcopus
1041 1955 1212 2030 Herelorss

258 2074 420 2147 diensis?
447 2099 532 2148 cum
548 2075 620 2148 isto
638 2075 793 2148 deflebat
815 2099 920 2148 casus
938 2088 1162 2164 communes,
1175 2086 1213 2148 et

258 2191 345 2264 alias
371 2193 515 2288 rupturi
541 2192 659 2266 cordis
684 2191 863 2287 cogitatus
887 2193 1064 2288 expressit
1089 2203 1212 2266 tacen-

258 2307 305 2380 tis
328 2308 450 2382 forsan
473 2295 666 2405 aliquando
691 2308 775 2404 plus
799 2309 902 2380 fessae
922 2309 1079 2381 lacrimis
1103 2333 1214 2405 quam

259 2426 413 2520 querelis
435 2448 510 2497 non
534 2424 725 2522 permittit,
750 2449 818 2496 nec
841 2424 902 2495 ille
925 2424 1063 2497 calidus
1087 2450 1213 2520 quere-

258 2541 333 2613 lam
350 2540 458 2626 fiuiri‚
474 2542 537 2613 sed
555 2541 683 2614 falsam
699 2541 1001 2635 compassionem,
1020 2563 1087 2636 pro
1105 2564 1214 2614 causa

259 2681 326 2730 sua
348 2657 455 2743 reric,
481 2657 544 2729 sed
567 2682 634 2753 pro
658 2656 799 2750 injuriis
822 2655 955 2751 reginae
976 2656 1072 2729 fictis
1096 2658 1213 2754 suspi-

196 2774 198 2776 ’
259 2774 334 2862 riis,
354 2786 391 2847 et
413 2775 598 2846 nonnullis
616 2773 774 2846 lacrimis
792 2780 1012 2859 contestans,
1031 2797 1105 2846 uon
1124 2774 1214 2845 leni-

258 2891 314 2962 vit
337 2890 400 2962 sed
424 2890 527 2962 auxit
548 2889 835 2985 indignationem
853 2913 924 2984 qua
944 2889 1054 2960 tussit
1076 2889 1211 2984 virago.

260 3006 439 3080 Conscius
466 3015 688 3080 secretorum
716 3015 956 3101 utrorumque
983 3005 1100 3079 fuerat
1127 3005 1213 3078 Lin-

260 3126 453 3200 oolniensis
475 3126 680 3222 episcopus
700 3125 763 3220 qui
786 3125 902 3198 sciens
921 3150 992 3220 qua
1009 3149 1117 3198 cavea
1133 3127 1213 3198 vul-

260 3267 344 3338 pem
387 3241 571 3339 reperiret‚
612 3241 743 3336 reginae
784 3241 981 3329 blanditur,
1017 3242 1213 3338 sophistice

261 3359 494 3455 compatitur,
523 3367 560 3430 et
589 3358 670 3454 ipso
700 3357 949 3430 consentiente
978 3383 1112 3430 novam
1141 3359 1213 3431 bri-

261 3499 346 3570 gam
361 3475 571 3548 intestinam
582 3475 799 3571 ingeniatus
814 3475 947 3570 praesul
959 3473 1213 3554 Herefordien-

262 3593 323 3677 sis,
343 3615 506 3664 asserens
530 3591 664 3685 reginae
680 3591 775 3663 votis
800 3591 969 3686 quaelibet
988 3592 1111 3664 votiva
1132 3616 1214 3664 suo·

262 3730 419 3793 cessura,
441 3707 473 3778 si
498 3706 536 3778 in
558 3693 715 3802 ¹Francia
740 3707 889 3779 fratrem
913 3707 1063 3780 visitans
1089 3718 1126 3780 et
1152 3733 1214 3803 pa-

262 3834 398 3911 truum,
426 3847 554 3896 eorum
581 3824 756 3896 auxilium
785 3832 912 3896 contra
938 3823 1216 3921 Dispensatores

263 3942 485 4038 imploraret,
520 3939 662 4012 effectio
696 3940 848 4012 consilio
887 3941 1012 4013 votivo
1055 3950 1092 4014 et
1134 3940 1217 4012 finis

262 4083 374 4153 quam
408 4059 553 4130 volebat
587 4056 834 4130 indubitanter
868 4057 1026 4130 efficaci:
1068 4057 1217 4151 applau-

264 4173 351 4245 dens
375 4175 498 4269 regina
521 4174 686 4269 quaesivit
704 4174 931 4246 occasionem
952 4170 1217 4243 transfretandi.

264 4288 351 4362 Erat
368 4289 439 4363 illis
459 4290 596 4378 diebus,
615 4299 657 4362 ut
681 4297 822 4361 tactum
839 4298 905 4374 est,
926 4285 1104 4358 sententia
1127 4285 1221 4358 inter
