3110 5026
221 679 295 730 an.
310 633 430 748 1355]
474 681 521 729 aa
539 681 667 728 aaran
687 681 733 728 oa
754 679 994 730 swmaaorru.
1099 655 1172 735 237,

220 819 256 882 et
281 819 432 884 vocatur
456 809 613 898 Esebon,
640 819 749 907 atque
774 819 953 884 venerunt
978 810 1024 882 ad
1049 809 1174 883 villam

218 936 387 999 vocatam
407 927 566 1024 Sylome,
586 927 769 1000 redditam
792 927 949 1024 principi
973 927 1036 1000 sed
1059 927 1175 998 intac-

220 1052 307 1130 tam,
332 1044 470 1116 ratione
494 1045 648 1117 dominae
674 1043 780 1116 Isidis
804 1045 848 1117 de
872 1042 1060 1115 Britannia
1085 1042 1175 1115 ami·

220 1182 271 1230 cae
304 1160 492 1255 principis,
527 1160 631 1254 cujus
667 1169 744 1230 erat
786 1158 882 1230 villa'
919 1159 1102 1255 praedicta,
1140 1167 1177 1231 et

219 1275 390 1370 princeps
427 1275 497 1346 fuit
539 1275 745 1370 hospitatus
789 1275 835 1347 ad
877 1275 1010 1347 bonam
1052 1275 1177 1346 villam

220 1389 535 1462 vocatamCanet.
589 1389 795 1478 Dominioa,
814 1391 952 1463 scilicet
970 1399 1098 1467 octavo
1120 1390 1178 1461 die

220 1505 453 1594 Nouembris,
479 1507 701 1580 transierunt
724 1515 855 1604 aquam
878 1509 922 1580 de
945 1506 1073 1604 Sande,
1096 1530 1179 1602 par-

223 1622 290 1695 tim
320 1623 417 1718 apud
447 1623 583 1696 vadum
612 1632 784 1696 vocatum
816 1623 968 1696 Chastel
998 1625 1042 1710 de
1073 1629 1178 1709 terre,

224 1748 260 1811 et
285 1739 419 1834 partim
443 1747 543 1812 trans
560 1749 719 1834 pontem
742 1765 880 1813 novum
904 1740 968 1812 sed
993 1739 1182 1835 imperfeess'

224 1863 315 1937 tum,
332 1864 369 1928 et
392 1851 458 1952 per
480 1863 601 1928 totum
625 1857 694 1928 iter
717 1857 905 1930 residuum
927 1856 971 1928 de
995 1856 1064 1943 die,
1078 1856 1181 1928 'inter

225 1972 356 2044 arduos
399 1981 543 2044 montes
586 1980 816 2044 accesserunt
859 1971 999 2044 civitati
1037 1979 1181 2068 'magnae

225 2087 466 2176 Narbonensi,
502 2089 598 2161 unde
632 2090 751 2185 patria
783 2088 902 2162 Gallia
930 2088 1181 2186 Narbonensis

227 2211 469 2301 nuncupatur.
523 2203 598 2276 Ista
628 2205 756 2277 civitas
786 2205 901 2277 fortis
918 2213 955 2277 et
981 2206 1073 2277 bene
1100 2209 1182 2278 inu·

227 2323 305 2393 'rata
342 2320 471 2392 habuit
509 2319 698 2392 ecclesiam
735 2342 904 2413 magnam
941 2319 1183 2392 cathedralem

228 2435 344 2509 sancti
377 2433 528 2520 Justini‚
569 2433 658 2506 item
693 2433 867 2505 eximium
910 2442 1069 2505 castrum
1108 2436 1182 2529 epi:

229 2553 343 2648 scopi,
374 2559 411 2623 et
445 2550 575 2624 turrim
605 2549 837 2623 fortissimam
873 2574 939 2645 pro
970 2549 1186 2648 vicecomite

229 2669 327 2741 illius
359 2669 462 2740 villae.
526 2667 666 2741 Habuit
696 2667 805 2739 etiam
836 2666 1050 2738 suburbium
1079 2671 1183 2739 veca-

229 2794 310 2858 tum
333 2785 509 2882 Burgum,
534 2809 659 2858 revera
683 2783 859 2879 majorem
885 2791 921 2855 et
948 2782 1077 2855 melius
1100 2783 1184 2854 aedi-

229 2903 379 2974 ficatum
406 2926 514 2996 quam
540 2902 631 2974 illud
657 2902 701 2974 de
727 2899 947 2973 Carbasona.
1000 2897 1044 2970 In
1069 2898 1185 2998 burgo

230 3020 379 3091 fuerunt
402 3027 557 3114 quatuor
580 3027 781 3090 conventus
807 3016 1058 3112 religiosorum
1084 3024 1185 3087 men-

232 3134 442 3207 dicantium.
497 3132 596 3206 Inter
621 3133 778 3228 burgum
805 3131 955 3204 divitem
981 3141 1017 3204 et
1044 3134 1186 3228 largum

232 3260 340 3348 atque
382 3251 567 3352 civitatem¹
605 3249 742 3345 optime
783 3258 977 3352 muratam,
1019 3235 1189 3323 currebat

233 3393 327 3464 aqua
360 3393 439 3462 quae
474 3375 626 3440 vocatur
659 3366 777 3454 Aude,
791 3437 794 3452 ,
808 3366 956 3439 veniens
992 3392 1013 3439 a
1049 3367 1186 3442 Carba-

235 3507 335 3570 sona,
364 3493 400 3556 'et
426 3483 652 3556 'descendens
681 3483 720 3554 in
749 3507 848 3555 mare
879 3481 1061 3571 Graecum,
1090 3485 1188 3580 q'uod

235 3600 375 3671 duabus
404 3599 517 3671 leucis
548 3599 657 3671 distat
684 3623 706 3672 a
735 3599 920 3672 Narbona.
974 3599 1074 3672 Inter
1101 3601 1190 3674 civiss

234 3724 348 3797 tatem
374 3724 410 3788 et
435 3716 593 3810 burgum
620 3723 706 3788 sunt
734 3715 806 3788 duo
833 3724 963 3811 pontes
991 3717 1124 3812 petrini
1152 3726 1189 3790 et

235 3833 364 3908 tertius
388 3832 432 3905 de
453 3831 652 3918 merennio,
672 3831 951 3926 altero'petrino
974 3857 1042 3928 pro
1063 3843 1187 3906 vectu-

236 3951 286 4024 ris
324 3951 548 4024 diversorum
588 3948 907 4022 mercimoniorum
947 3951 1038 4021 bene
1079 3949 1189 4021 aedifi-

238 4078 331 4140 cato.
347 4079 351 4085 “
385 4067 557 4164 Princeps
575 4066 613 4138 in
632 4066 740 4139 domo
756 4065 910 4138 fratrum
927 4065 1042 4137 beatae
1064 4065 1190 4139 Mariae

238 4170 282 4254 fle·
317 4181 485 4256 Carmelo
519 4182 589 4255 suit
623 4182 840 4280 hospitatus,
876 4181 939 4255 sed
972 4193 1053 4278 per'
1075 4192 1191 4279 totam

238 4307 384 4400 noctem
419 4307 455 4372 et
483 4299 521 4373 in
552 4300 710 4376 crastino
741 4299 906 4395 sequenti
936 4299 1077 4403 civibus
1107 4325 1191 4374 cum
