3136 5016
392 631 438 706 78
654 650 881 700 cunourcon
902 650 1085 699 oxnnium
1144 629 1344 719 [nolano

391 780 604 864 sistendum,
627 801 666 851 se
688 786 859 873 putantes
880 777 1146 851 munitionibus
1167 779 1262 874 aptis
1283 779 1345 852 de-

391 896 547 970 fensioni
573 903 609 968 et
634 893 760 991 frigam
783 894 1013 967 consulentes
1041 919 1080 967 se
1108 896 1343 983 commisisse,

390 1012 526 1086 frustra
559 1019 645 1084 sunt
679 1011 811 1083 conati.
864 1009 945 1082 Rex
978 1035 1110 1108 nempe
1143 1013 1345 1109 percipiens
1482 1017 1486 1022 '

391 1153 456 1225 per
489 1151 575 1202 suos
610 1127 867 1223 exploratores
897 1126 996 1220 quod
1024 1126 1131 1198 uxori
1160 1150 1235 1200 suae
1269 1135 1345 1200 tota

391 1269 493 1343 paene
519 1243 620 1340 regni
647 1242 889 1316 communitas
915 1241 1014 1314 salsis
1039 1243 1165 1316 territa
1190 1244 1343 1315 rumori·

391 1365 459 1448 bus
477 1361 639 1448 adhaesit,
658 1384 744 1432 cum
762 1359 905 1433 duobus
923 1359 1127 1456 saepedictis
1144 1359 1343 1433 comitibus

391 1487 429 1552 et
451 1477 612 1552 Roberto
635 1476 680 1549 de
702 1474 857 1561 Baldok,
881 1475 1008 1571 paucis
1032 1500 1175 1572 quoque
1197 1474 1277 1548 aliis
1300 1475 1344 1548 de

393 1619 459 1668 sua
476 1602 613 1697 secreta
629 1591 777 1676 familia,
789 1590 835 1663 ad
851 1599 972 1686 partes
983 1589 1156 1664 Wallicas
1174 1615 1212 1664 se
1228 1601 1344 1664 trans-

393 1713 504 1798 misit,
530 1711 679 1783 dimisso
706 1710 839 1782 comite
857 1709 1058 1783 Wintoniae
1083 1711 1131 1783 ad
1145 1710 1347 1783 ‘tuitionem

392 1829 488 1906 villae
514 1836 551 1900 et
576 1825 687 1898 castri
710 1825 885 1898 Bristolli.
938 1825 1018 1898 Rex
1039 1850 1126 1900 vero
1149 1827 1279 1900 deinde
1301 1828 1348 1900 ad

395 1943 611 2039 Chepstowe
637 1965 849 2038 progressus
876 1966 962 2015 cnm
987 1942 1121 2016 comite
1145 1942 1346 2031 Gloucest.,
1440 2039 1443 2044 Ι

395 2070 432 2136 et
460 2059 632 2154 magistro
659 2058 823 2132 Roberto
847 2059 892 2131 de
917 2058 1072 2147 Baldok‚
1101 2060 1179 2134 aliis
1205 2085 1349 2158 quoque

395 2177 500 2250 valde
529 2176 668 2272 paucis,
697 2199 735 2250 se
748 2245 750 2250 ,
763 2176 946 2249 commisit
976 2178 1131 2274 navigio,
1159 2179 1350 2253 intendens

395 2294 443 2366 ad
466 2293 623 2367 insulam
645 2293 691 2366 de
711 2291 864 2389 Lunday
880 2292 1072 2389 proficisci.
1126 2292 1279 2392 Lunday
1295 2307 1351 2371 est
1384 2327 1388 2334 ·

397 2409 516 2484 insula
537 2408 577 2481 in
598 2409 749 2482 flumine
773 2408 936 2497 Sabrina,
960 2411 1118 2482 duorum
1142 2410 1351 2484 milliarium

398 2524 638 2620 undequaque
655 2524 774 2619 longa,
793 2523 982 2596 abundans
999 2524 1144 2620 pascuis
1161 2534 1198 2598 et
1215 2523 1349 2612 avenis,

400 2640 588 2713 cuniculos
630 2639 801 2736 producit
833 2637 991 2736 copiose,
1030 2638 1208 2712 columbis
1242 2639 1351 2712 etiam
1430 2695 1435 2702 .

400 2755 665 2830 struthionibus
695 2759 799 2851 (quos
823 2763 931 2830 vocet
956 2755 1161 2828 Alexander
1185 2753 1352 2828 Necham

402 2871 624 2970 Ganymedis
667 2879 764 2960 aves)
810 2871 915 2944 nidos
957 2871 1068 2943 habet
1112 2878 1349 2966 praegnantes,

401 3012 513 3084 aquas
538 2989 687 3082 insuper
712 2996 873 3060 recentes
900 2987 945 3060 de
969 2987 1131 3060 fontibus
1154 2987 1351 3060 scatmien-

401 3111 457 3174 tes
480 3100 610 3173 incolis
632 3099 826 3187 ministrat,
844 3102 924 3198 ipsa
946 3103 1032 3175 licet
1057 3104 1103 3176 ab
1126 3102 1227 3176 omni
1248 3112 1353 3199 parte

402 3217 505 3314 aquis
528 3215 760 3290 amarissimis
777 3217 887 3290 fuerit
903 3218 1171 3295 circumcincta.
1225 3219 1353 3293 Unum

402 3334 592 3406 dumtaxat
610 3332 751 3406 aditum
768 3333 877 3408 habet
893 3336 961 3409 iste
978 3337 1092 3426 locus,
1111 3362 1183 3435 quo
1200 3337 1262 3410 vix
1279 3338 1353 3411 duo

402 3449 472 3522 viri
496 3458 670 3546 poterunt
695 3451 920 3546 conjunctim
943 3454 1082 3548 pedites
1107 3455 1284 3542 incedere,
1308 3479 1354 3527 ex

404 3565 505 3640 omni
533 3565 603 3639 alia
631 3575 747 3662 parte,
778 3568 880 3664 rupis
907 3568 1095 3642 horrendae
1121 3571 1195 3645 alta
1220 3564 1356 3667 promi·

403 3684 528 3756 nentia
539 3682 735 3779 prohibens
745 3707 964 3780 aggressum.
993 3685 1100 3760 Hanc
1112 3686 1269 3761 insulam
1279 3687 1355 3760 vic-

404 3799 575 3885 tualibus
603 3807 646 3872 ut
671 3799 903 3890 dictumest,
932 3803 1143 3878 naturaliter
1169 3804 1355 3876 abundan-

404 3925 493 4001 tem,
507 3925 630 3996 tamen
646 3939 691 3988 ex
708 3917 908 3992 abundanti
919 3918 1017 4004 vino,
1032 3919 1124 4004 oleo,
1138 3943 1266 4007 messe,
1280 3919 1356 3992 fru-

405 4033 686 4120 mento,braseo,
697 4031 869 4128 piscibus,
878 4034 980 4108 salsis
990 4035 1171 4122 carnibus,
1183 4044 1220 4108 et
1230 4045 1360 4109 terres-

404 4151 452 4226 tri
474 4151 629 4224 carbone
652 4149 889 4238 instuffntam,
911 4175 1033 4245 regem
1049 4152 1231 4224 volentem
1249 4152 1358 4228 adna-

403 4267 674 4364 vigare,ventus
684 4268 886 4342 contrarius
897 4267 1083 4364 prohibuit
1093 4267 1358 4356 omnino,unde
