3118 5008
390 635 460 704 114
646 655 873 704 onrourcon
894 654 1078 704 orannim
1121 633 1336 724 [n.n.l331.

250 881 253 887 ¹
385 780 523 878 Aprilis
548 781 666 868 rediit,
685 789 721 854 et
742 780 812 853 fuit
836 782 934 878 apud
956 779 1171 856 Dertesorde
1189 784 1339 856 solenne

386 907 690 984 torneamentum,
719 905 756 971 et
786 921 916 993 parum
945 907 1029 972 ante
1056 897 1192 972 sestum
1222 899 1340 972 sancti

385 1013 576 1088 Michaelis
615 1013 813 1086 Londoniae
853 1015 892 1086 in
927 1011 1051 1111 Chepe
1093 1014 1340 1111 pulcherrima

385 1131 581 1205 hastiludia
605 1131 764 1219 fuerunt,
782 1130 846 1203 ubi
863 1131 1011 1203 domina
1029 1132 1152 1226 regina
1169 1131 1340 1227 Philippa

386 1273 473 1322 cum
489 1272 621 1345 magna
637 1247 868 1321 dominarum
885 1248 1068 1336 comitiva,
1088 1249 1133 1321 de
1158 1248 1336 1334 tentoriis,

386 1367 484 1439 unde
526 1366 700 1439 militares
735 1374 839 1437 actus
873 1365 1158 1461 specularentur,
1196 1363 1340 1436 noviter

388 1484 586 1571 aedificatis,
611 1483 832 1568 ceciderunt,
860 1480 924 1553 sed
953 1481 1083 1554 illaesae.
1138 1479 1337 1576 Carpento-

388 1602 460 1674 rios
483 1601 637 1699 proinde
658 1599 782 1696 puniri
802 1623 879 1671 non
898 1598 1064 1694 permisit
1089 1598 1151 1670 illa
1175 1597 1340 1694 piissima

387 1718 523 1814 regina,
541 1717 605 1790 sed
625 1717 671 1789 ab
691 1715 878 1788 iracundia
898 1739 1020 1811 regem
1038 1723 1074 1787 et
1090 1715 1226 1788 amicos
1244 1714 1338 1810 regis

387 1834 555 1931 precibus
576 1842 611 1906 et
633 1831 945 1928 genuflexionibus
962 1832 1014 1904 ita
1030 1831 1226 1918 revocavit,
1241 1831 1339 1927 quod

388 1949 510 2023 insui
536 1974 698 2023 amorem
720 1973 846 2023 omnes
872 1950 950 2045 ejus
975 1949 1149 2046 pietatem
1175 1948 1339 2022 conside-

388 2075 510 2140 rantes
557 2065 682 2161 regina
731 2065 935 2139 misericors
978 2066 1186 2139 concitavit.
1255 2063 1341 2138 Hoc

388 2207 486 2257 anno
513 2183 683 2257 dominus
710 2208 807 2280 papa
833 2182 995 2255 Joannes
1018 2181 1143 2270 XXII,
1162 2207 1258 2256 anno
1282 2182 1340 2255 sui

393 2301 514 2388 l5mo,
535 2301 715 2375 concessit
737 2301 812 2397 regi
837 2300 994 2374 decimas
1017 2309 1261 2397 proventuum
1281 2324 1341 2373 ec-

391 2419 508 2494 clesiae
535 2419 744 2517 Anglicanae
773 2442 840 2516 pro
870 2418 1118 2514 quadriennio,
1148 2419 1341 2493 medietate

391 2537 459 2609 sibi
493 2546 644 2612 retenta.
697 2536 781 2609 Hoc
811 2559 906 2608 anno
937 2535 1074 2608 scilicet
1108 2535 1214 2624 1330,
1245 2536 1339 2632 regis

388 2677 474 2727 vero
499 2658 537 2742 4,
565 2655 622 2728 die
651 2654 694 2727 15
723 2652 857 2726 mensis
883 2651 998 2739 Junii,
1026 2660 1133 2725 natus
1159 2660 1216 2724 est
1241 2653 1340 2749 apud

391 2769 617 2846 Wodestoke
649 2769 913 2869 primogenitus
943 2767 1113 2842 dominus
1142 2768 1341 2844 Edwardus

391 2888 436 2960 de
454 2887 692 2977 Wodestoke,
710 2889 817 2984 cujus
838 2888 963 2960 laudes
986 2895 1023 2960 et
1046 2887 1258 2984 magnificos
1276 2889 1340 2961 tri-

389 3004 561 3101 umphos,
598 3028 688 3101 quos
727 3006 766 3078 in
805 3013 956 3101 captura
989 3004 1084 3100 regis
1117 3003 1342 3078 Francorum

391 3119 529 3208 habuit,
557 3129 594 3194 et
623 3122 724 3209 alios,
754 3122 829 3194 suis
862 3121 952 3194 locis
987 3121 1187 3194 describere
1216 3122 1342 3194 divina

390 3237 583 3310 clementia
600 3261 666 3310 nos
683 3238 882 3334 permittat.
1267 3311 1274 3322 ,

441 3354 550 3427 Anno
570 3352 720 3427 Domini
742 3356 849 3442 1331,
869 3355 957 3428 dicti
979 3354 1132 3428 Joannis
1155 3379 1259 3452 papae
1282 3357 1340 3444 16,

393 3471 561 3544 Edwardi
582 3472 679 3545 tertii
696 3496 791 3545 anno
809 3471 949 3568 quint0,
967 3473 1085 3546 tenuit
1102 3497 1166 3544 rex
1183 3473 1341 3545 solenni-

391 3597 446 3660 ter
468 3588 600 3662 Natale
625 3590 722 3687 apud
748 3589 932 3676 Welliam‚
960 3613 1076 3685 usque
1106 3589 1151 3662 ad
1181 3589 1341 3686 Epipha-

393 3705 503 3791 niam,
520 3707 584 3779 ubi
610 3708 744 3780 fiebant
769 3708 887 3781 multa
911 3706 1089 3779 mirabilia
1114 3716 1340 3803 sumptuosa,

392 3835 428 3898 et
446 3825 541 3898 circa
557 3824 691 3898 festum
709 3825 825 3898 sancti
847 3824 1033 3897 Laurentii
1055 3825 1264 3921 proximum
1286 3850 1341 3898 se-

392 3967 518 4040 quens
532 3943 634 4014 venit
650 3943 688 4014 in
708 3942 877 4037 Angliam
894 3940 1063 4014 dominus
1080 3941 1279 4015 Edwardus
1297 3943 1342 4016 de

391 4061 521 4147 Baliol,
540 4059 636 4132 filius
660 4068 695 4132 et
718 4058 832 4132 haeres
849 4057 1002 4132 Joannis
1021 4059 1114 4155 regis
1133 4057 1340 4147 Scotorum,

391 4179 586 4276 quondam,
604 4188 647 4250 ut
665 4176 805 4249 dictum
823 4189 888 4263 est,
907 4176 1055 4264 exulati,
1078 4176 1263 4249 declarans
1280 4178 1342 4273 jus

391 4297 489 4390 qnod
505 4295 631 4368 habuit
649 4294 687 4366 in
704 4318 858 4390 regnum
878 4292 1022 4380 Scotiae,
1035 4293 1095 4366 cui
1111 4291 1344 4367 adhaeserunt
