3110 5026
339 576 413 646 204
592 593 818 643 cHRonON
838 592 1021 643 crurium
1082 571 1290 664 [antean

339 723 491 796 navibus
516 719 708 806 bellicosis,
726 719 857 817 quibus
883 720 1010 793 decem
1034 743 1143 793 naves
1165 721 1292 818 Angli·

341 862 400 911 cas
421 861 548 911 versus
566 837 738 933 Angliam
761 837 805 909 ab
823 835 1047 932 Aquitannia
1069 837 1291 910 velificantes

339 961 463 1050 captas
486 961 593 1047 atque
617 950 789 1046 spoliatas
813 950 1096 1038 submerserunt,
1114 961 1150 1024 et
1171 953 1291 1027 taliter

339 1070 471 1165 injuria
499 1091 607 1164 passa
629 1067 823 1154 vindicata,
851 1067 890 1138 in
916 1075 1064 1162 portum
1090 1068 1135 1140 de
1162 1068 1291 1144 Sclusa

339 1186 516 1258 Flandriae
545 1185 810 1280 applicuerunt.
862 1183 931 1255 His
959 1184 1103 1272 auditis,
1132 1210 1195 1258 rex
1222 1211 1289 1262 suo

338 1304 482 1399 navigio
505 1303 720 1388 coadunato
738 1300 777 1372 in
794 1301 1055 1396 quinquaginta
1077 1303 1230 1375 navibus
1253 1312 1290 1377 et

338 1418 520 1514 spinaciis
542 1417 715 1513 Hispanis
737 1417 934 1489 reversuris
954 1417 1099 1491 obviare
1121 1419 1289 1515 dispone-

337 1535 413 1624 bat,
434 1559 558 1608 secum
581 1533 717 1606 habeus
740 1533 943 1629 principem
962 1533 1114 1620 wallia,
1137 1537 1289 1610 comites

337 1651 567 1738 Lancastriae‚
589 1648 900 1745 Norhamptoniae,
918 1648 1100 1739 Warwici,
1125 1649 1290 1725 Sarisbu-

337 1769 411 1855 riae,
430 1767 662 1853 Arundelliae,
685 1766 960 1854 Huntindoniae,
980 1765 1228 1856 Gloucestriae,
1252 1777 1289 1842 et

337 1885 426 1956 alios
451 1876 606 1969 barones
632 1891 742 1977 atque
765 1881 911 1968 milites,
936 1906 1022 1954 eum
1047 1905 1172 1954 eorum
1197 1906 1291 1978 prae·

337 2001 410 2073 cise
456 1998 602 2071 secretis
646 1997 947 2071 commensalibus
993 2007 1030 2071 et
1078 1999 1286 2094 sagittariis.

336 2114 502 2210 Denique
525 2115 562 2185 in
585 2112 677 2186 festo
702 2113 963 2187 Decollationis
986 2115 1102 2187 sancti
1121 2115 1287 2208 Joannis,

336 2233 432 2305 circa
468 2230 594 2303 horam
627 2253 861 2328 vesperarum
895 2233 1027 2304 classes
1064 2232 1286 2322 colliserunt,

335 2349 400 2422 ubi
426 2372 565 2444 maguae
589 2348 732 2421 busceae
755 2348 1017 2444 Hispanienses
1041 2349 1145 2444 quasi
1169 2358 1288 2422 castra

335 2465 488 2552 casellis,
519 2465 570 2537 ita
605 2464 738 2537 nostris
772 2464 923 2537 navibus
958 2464 1285 2560 supereminebant.

335 2580 423 2654 Dirc
450 2590 593 2654 nostros
619 2580 921 2677 aggrediebantur
942 2579 1038 2653 saxis
1061 2581 1287 2654 evolantibus

210 2763 217 2768 .
335 2722 357 2770 a
374 2698 558 2771 tuniculis
575 2698 755 2771 malorum
778 2705 814 2768 et
836 2695 918 2792 pilis
935 2697 1161 2770 vibrantibus
1179 2705 1287 2793 atque

334 2817 503 2911 quarellis
526 2816 656 2888 acriter
678 2823 714 2886 et
738 2813 863 2887 crebro
880 2822 1024 2886 nostros
1041 2815 1286 2900 vulneranteS,

334 2954 401 3004 nec
417 2933 538 3003 minus
555 2931 690 3002 lanceis
712 2939 749 3002 et
769 2930 880 3025 spatis
898 2929 1063 3002 cominus
1080 2930 1288 3004 dimicando

333 3051 369 3115 et
395 3069 480 3116 cum
506 3043 656 3116 classica
681 3051 863 3115 armatura
888 3043 1026 3139 seipsos
1049 3042 1202 3115 viriliter
1224 3043 1287 3115 de-

333 3158 523 3230 fendendo,
575 3157 820 3252 Exasperatur
843 3157 943 3229 dirus
966 3179 1192 3251 congressus,
1212 3183 1287 3253 quo

333 3273 448 3346 nostri
477 3274 636 3344 multum
666 3272 917 3344 terribiliorem
946 3295 1020 3344 non
1050 3272 1193 3346 fuerant
1223 3299 1287 3349 ex-

333 3390 449 3486 perti:
488 3389 715 3461 terebrarunt
744 3387 894 3459 tandem
927 3387 1103 3483 sagittarii
1130 3390 1286 3486 longiori

328 3507 430 3601 jactu
460 3505 673 3600 sagittarum
702 3505 849 3577 illorum
874 3505 1089 3592 balistarios,
1117 3507 1182 3602 qui
1208 3531 1285 3580 cer-

332 3622 406 3694 tius
423 3621 493 3694 illis
507 3622 674 3716 jecerunt
691 3623 881 3718 quarellaS,
900 3632 937 3696 et
956 3623 1008 3696 ita
1029 3622 1284 3719 compulerunt

332 3738 413 3810 illos
440 3739 599 3811 officium
625 3763 732 3812 suum
758 3750 993 3837 sequestrare.
1047 3739 1149 3812 Alios
1174 3740 1284 3814 etiam

333 3877 446 3950 super
459 3879 540 3926 oras
557 3854 773 3928 buscearum
797 3865 834 3928 et
856 3866 976 3929 castra
996 3855 1160 3928 cominus
1177 3856 1283 3928 dimi-

333 3981 455 4044 cantes
479 3971 588 4045 tablis-
608 3971 754 4044 navium
778 3996 816 4045 se
838 3982 1027 4069 protegere
1043 3973 1189 4045 votivos
1203 3969 1284 4044 red-

333 4089 512 4162 diderunt.
566 4088 652 4161 Illos
676 4069 859 4185 praeteiea,
878 4091 986 4192 quise
1011 4089 1171 4162 turribus
1197 4111 1284 4160 saxa

332 4203 571 4279 fulminabant
595 4215 792 4301 coegerunt
819 4232 857 4280 se
883 4216 979 4280 totos
1004 4207 1055 4279 ita
1079 4213 1284 4301 protegere,
