3118 5008
241 645 452 738 rulers]
494 669 539 718 nu
559 669 686 717 neuun
706 668 753 716 nn
773 667 1014 716 swrnnnorru.
1146 645 1190 719 91

240 795 348 891 capiti
375 794 592 889 jamdudum
622 819 686 890 per
717 795 838 866 oleum
869 804 1036 866 sanctum
1068 816 1195 865 conse·

240 921 340 984 creto
360 911 534 1007 imposuit
556 911 714 984 nefarius
738 910 798 982 ille
822 909 868 982 de
886 909 1064 1006 Corneye,
1084 933 1194 982 ausus

240 1027 450 1122 contingere
468 1025 657 1098 Christum
677 1024 759 1115 Dei,
778 1025 838 1098 cui
861 1023 1056 1096 illudentes
1079 1024 1196 1096 ironia

241 1144 349 1218 nimis
385 1144 514 1216 acerba
543 1143 677 1216 milites
708 1141 903 1214 dixerunt:
943 1147 964 1176 “
978 1149 1088 1213 avant
1119 1140 1197 1212 Sire

241 1254 389 1350 kinge,’'
408 1254 508 1349 quod
524 1262 580 1326 est
597 1253 710 1340 dictu,
728 1252 911 1348 pepedens
934 1254 1012 1344 [sic]
1029 1253 1196 1348 procede,

243 1371 391 1444 domine
407 1394 483 1444 rex.
535 1367 745 1443 Metuentes
762 1367 913 1461 maligni
930 1392 976 1440 ne
992 1368 1128 1462 pariter
1145 1367 1197 1439 di-

243 1495 343 1560 recte
363 1485 614 1558 incedentibus
631 1484 794 1557 obviaret
814 1484 945 1580 aliquis
968 1484 1105 1558 auricus
1126 1483 1198 1556 Ed·

243 1603 365 1690 wardi,
384 1602 440 1676 vel
465 1626 594 1676 manus
615 1601 820 1676 misericors
846 1601 967 1697 ipsum
992 1599 1197 1686 liberatura,

245 1719 516 1792 declinaverunt
534 1719 579 1790 ad
597 1717 793 1803 sinistram,
811 1717 1014 1812 equitantes
1037 1739 1104 1812 per
1123 1739 1199 1790 ma-

245 1836 378 1912 riscum
405 1836 450 1907 ad
476 1834 630 1908 fiuvium
656 1833 816 1906 Sabrinae
840 1833 1086 1906 terminatum.
1140 1831 1200 1905 In·

246 1951 380 2048 geniati
403 1960 488 2024 suut
512 1950 649 2026 inimici
674 1950 756 2036 Dei,
775 1950 960 2046 quomodo
982 1931 1199 2025 Edwardum

247 2069 502 2152 difformarent‚
538 2091 585 2140 ne
618 2065 712 2141 foret
746 2065 900 2142 faciliter
933 2075 1042 2140 notus
1077 2066 1197 2152 alicui,

247 2183 343 2256 unde
359 2182 474 2278 ipsius
491 2181 664 2258 cesariem
684 2191 759 2254 tam
782 2182 974 2278 capitalem
992 2205 1103 2278 quam
1118 2182 1200 2254 bar-

247 2300 331 2372 bam
361 2298 557 2371 radendam
587 2298 869 2385 constituerunt,
900 2298 1087 2374 venientes
1116 2305 1200 2392 pro·

247 2411 331 2484 vide
355 2410 401 2484 ad
424 2410 557 2483 fossam
580 2410 619 2482 in
641 2410 770 2482 itinere
793 2409 1062 2494 scaturientem,
1084 2410 1202 2504 jusse-

249 2535 337 2602 runt
359 2527 481 2621 ipsum
503 2548 588 2598 rasu
611 2527 838 2612 descendere,
858 2525 918 2598 cui
943 2524 1117 2598 assidenti
1142 2548 1201 2598 su-

250 2667 315 2738 per
338 2640 528 2736 cujusdam
548 2641 656 2736 talpae
678 2640 928 2726 monticulam,
952 2641 1095 2735 pelvem
1118 2665 1203 2716 cum

251 2782 344 2854 aqua
366 2757 497 2852 frigida
521 2757 565 2829 de
587 2756 683 2830 sossa
708 2766 853 2852 recepta
875 2756 998 2830 attulit
1020 2756 1203 2830 barbiton-

252 2899 324 2960 sor,
352 2875 412 2947 cui
438 2883 475 2946 et
501 2873 580 2948 aliis
608 2874 850 2950 asserentibus
877 2874 975 2968 quod
1002 2897 1096 2968 aqua
1122 2874 1204 2950 talis

252 3015 320 3087 pro
363 3000 452 3064 tuno
491 2991 638 3064 deberet
680 2991 854 3076 sufficere,
890 2990 941 3062 ait
982 2989 1203 3078 Edwardus3

255 3105 419 3181 “Velitis
449 3107 583 3194 nolitis,
615 3107 827 3182 habebimus
857 3131 925 3202 pro
953 3106 1064 3180 barba
1093 3130 1204 3202 aquas

255 3225 425 3312 calidas,''
456 3233 493 3300 et
522 3233 564 3296 ut
593 3224 815 3320 promissum
843 3224 976 3298 veritas
1007 3246 1204 3318 conseque-

255 3349 366 3424 retur,
400 3341 514 3436 coepit
546 3340 694 3436 profuse
727 3341 969 3416 illacrimare.'
1006 3339 1081 3414 Ista
1114 3339 1205 3414 mihi

256 3455 379 3529 retulit
400 3457 527 3532 vivens
549 3467 633 3551 post
659 3481 828 3553 magnam
853 3457 1095 3554 pestilentiam
1113 3456 1206 3531 Wil-

255 3573 388 3648 lelmus
409 3571 578 3667 Bischop,
598 3573 660 3668 qui
686 3572 897 3646 ductoribus
921 3571 1089 3646 Edwardi
1114 3597 1206 3669 prae·

256 3687 455 3774 tuttundo
475 3686 662 3762 coufessus
683 3695 721 3762 et
742 3687 921 3764 contritus
944 3687 1117 3782 poenituit
1138 3690 1206 3762 sub

257 3828 322 3900 spe
338 3803 593 3878 misericordiae
609 3804 750 3879 divinae.
801 3803 964 3880 Tandem
985 3805 1208 3880 devenerunt

258 3921 304 3991 ad
329 3929 488 4008 castrum
514 3919 721 4008 Berkeleiae,
740 3921 803 3993 ubi
828 3921 1012 4017 patientiae
1037 3944 1207 3996 exercens

258 4036 430 4109 virtutem
459 4037 620 4110 reclusus
649 4047 691 4112 ut
720 4038 942 4125 anachorita,
973 4037 1104 4111 nobilis
1133 4037 1207 4108 Ed-

259 4151 411 4237 wardus
439 4152 504 4227 nbi
533 4177 617 4224 cum
643 4153 750 4226 beato
776 4153 849 4226 Job
876 4176 989 4248 regno
1019 4153 1208 4247 temporali

261 4267 448 4362 spoliatus,
466 4271 598 4342 nedum
619 4292 685 4364 per
705 4269 924 4362 alienigenas
947 4268 1010 4339 sed
1033 4291 1097 4363 per
1119 4292 1208 4342 uxo-
