<?xml version="1.0" encoding="UTF-8"?>
<!DOCTYPE html PUBLIC "-//W3C//DTD XHTML 1.0 Transitional//EN"
    "http://www.w3.org/TR/xhtml1/DTD/xhtml1-transitional.dtd">
<html xmlns="http://www.w3.org/1999/xhtml" xml:lang="en" lang="en">
 <head>
  <title>
</title>
<meta http-equiv="Content-Type" content="text/html;charset=utf-8" />
  <meta name='ocr-system' content='tesseract 3.04.00' />
  <meta name='ocr-capabilities' content='ocr_page ocr_carea ocr_par ocr_line ocrx_word'/>
</head>
<body>
  <div class='ocr_page' id='page_1' title='image "./galfridilebaker00gilegoog_0153.png"; bbox 0 0 3120 5008; ppageno 0'>
   <div class='ocr_carea' id='block_1_1' title="bbox 222 645 1172 756">
    <p class='ocr_par' dir='ltr' id='par_1_1' title="bbox 222 645 1172 756">
     <span class='ocr_line' id='line_1_1' title="bbox 222 645 1172 756; baseline 0.009 -42"><span class='ocrx_word' id='word_1_1' title='bbox 222 653 298 715; x_wconf 65' lang='lat' dir='ltr'>assn.</span> <span class='ocrx_word' id='word_1_2' title='bbox 316 645 439 735; x_wconf 64' lang='lat'>1341]</span> <span class='ocrx_word' id='word_1_3' title='bbox 479 669 523 716; x_wconf 79' lang='lat' dir='ltr'>nn</span> <span class='ocrx_word' id='word_1_4' title='bbox 543 667 671 717; x_wconf 76' lang='lat' dir='ltr'>ranna</span> <span class='ocrx_word' id='word_1_5' title='bbox 690 671 737 718; x_wconf 86' lang='lat' dir='ltr'>nn</span> <span class='ocrx_word' id='word_1_6' title='bbox 758 669 995 721; x_wconf 80' lang='lat' dir='ltr'>swrnsaonu.</span> <span class='ocrx_word' id='word_1_7' title='bbox 1104 653 1172 756; x_wconf 70' lang='grc'>149</span> 
     </span>
    </p>
   </div>
   <div class='ocr_carea' id='block_1_2' title="bbox 138 794 1201 4367">
    <p class='ocr_par' dir='ltr' id='par_1_2' title="bbox 215 794 1186 2403">
     <span class='ocr_line' id='line_1_2' title="bbox 221 794 1174 890; baseline 0.005 -24"><span class='ocrx_word' id='word_1_8' title='bbox 221 794 290 867; x_wconf 86' lang='lat' dir='ltr'>fuit</span> <span class='ocrx_word' id='word_1_9' title='bbox 314 804 439 868; x_wconf 89' lang='lat' dir='ltr'>custos</span> <span class='ocrx_word' id='word_1_10' title='bbox 462 796 575 868; x_wconf 87' lang='lat' dir='ltr'>turris</span> <span class='ocrx_word' id='word_1_11' title='bbox 601 796 811 884; x_wconf 86' lang='lat' dir='ltr'>Londoniae,</span> <span class='ocrx_word' id='word_1_12' title='bbox 830 805 867 871; x_wconf 91' lang='lat' dir='ltr'>et</span> <span class='ocrx_word' id='word_1_13' title='bbox 893 798 1083 871; x_wconf 91' lang='lat' dir='ltr'>dominum</span> <span class='ocrx_word' id='word_1_14' title='bbox 1108 798 1174 890; x_wconf 90' lang='lat' dir='ltr'>Jo-</span> 
     </span>
     <span class='ocr_line' id='line_1_3' title="bbox 220 911 1173 1008; baseline 0.006 -26"><span class='ocrx_word' id='word_1_15' title='bbox 220 936 354 983; x_wconf 83' lang='lat' dir='ltr'>aunem</span> <span class='ocrx_word' id='word_1_16' title='bbox 368 911 516 1008; x_wconf 90' lang='lat' dir='ltr'>Molyns</span> <span class='ocrx_word' id='word_1_17' title='bbox 533 912 698 999; x_wconf 89' lang='lat' dir='ltr'>militem,</span> <span class='ocrx_word' id='word_1_18' title='bbox 717 914 805 986; x_wconf 89' lang='lat' dir='ltr'>item</span> <span class='ocrx_word' id='word_1_19' title='bbox 821 924 1039 988; x_wconf 84' lang='lat' dir='ltr'>mercatores</span> <span class='ocrx_word' id='word_1_20' title='bbox 1057 916 1173 988; x_wconf 94' lang='lat' dir='ltr'>domi-</span> 
     </span>
     <span class='ocr_line' id='line_1_4' title="bbox 215 1026 1175 1124; baseline 0.007 -27"><span class='ocrx_word' id='word_1_21' title='bbox 215 1051 286 1098; x_wconf 91' lang='lat' dir='ltr'>nos</span> <span class='ocrx_word' id='word_1_22' title='bbox 309 1026 345 1098; x_wconf 88' lang='lat' dir='ltr'>J.</span> <span class='ocrx_word' id='word_1_23' title='bbox 370 1027 414 1100; x_wconf 90' lang='lat' dir='ltr'>de</span> <span class='ocrx_word' id='word_1_24' title='bbox 435 1027 624 1124; x_wconf 88' lang='lat' dir='ltr'>Pulteney,</span> <span class='ocrx_word' id='word_1_25' title='bbox 643 1028 869 1102; x_wconf 89' lang='lat' dir='ltr'>Willelmum</span> <span class='ocrx_word' id='word_1_26' title='bbox 894 1032 938 1104; x_wconf 89' lang='lat' dir='ltr'>de</span> <span class='ocrx_word' id='word_1_27' title='bbox 960 1031 998 1104; x_wconf 92' lang='lat' dir='ltr'>la</span> <span class='ocrx_word' id='word_1_28' title='bbox 1019 1031 1118 1118; x_wconf 86' lang='lat' dir='ltr'>Pole,</span> <span class='ocrx_word' id='word_1_29' title='bbox 1137 1040 1175 1104; x_wconf 85' lang='lat' dir='ltr'>et</span> 
     </span>
     <span class='ocr_line' id='line_1_5' title="bbox 220 1143 1175 1240; baseline 0.003 -24"><span class='ocrx_word' id='word_1_30' title='bbox 220 1143 418 1216; x_wconf 80' lang='lat' dir='ltr'>Ricardum</span> <span class='ocrx_word' id='word_1_31' title='bbox 444 1144 592 1216; x_wconf 83' lang='lat' dir='ltr'>fratrem</span> <span class='ocrx_word' id='word_1_32' title='bbox 618 1145 707 1240; x_wconf 87' lang='lat' dir='ltr'>ejus,</span> <span class='ocrx_word' id='word_1_33' title='bbox 732 1156 769 1218; x_wconf 91' lang='lat' dir='ltr'>et</span> <span class='ocrx_word' id='word_1_34' title='bbox 794 1146 944 1219; x_wconf 90' lang='lat' dir='ltr'>clericos</span> <span class='ocrx_word' id='word_1_35' title='bbox 970 1147 1175 1220; x_wconf 88' lang='lat' dir='ltr'>cancellarii</span> 
     </span>
     <span class='ocr_line' id='line_1_6' title="bbox 216 1259 1173 1355; baseline 0.004 -25"><span class='ocrx_word' id='word_1_36' title='bbox 216 1261 388 1355; x_wconf 88' lang='lat' dir='ltr'>majores,</span> <span class='ocrx_word' id='word_1_37' title='bbox 406 1259 573 1331; x_wconf 88' lang='lat' dir='ltr'>videlicet</span> <span class='ocrx_word' id='word_1_38' title='bbox 595 1260 760 1332; x_wconf 89' lang='lat' dir='ltr'>dominos</span> <span class='ocrx_word' id='word_1_39' title='bbox 777 1259 802 1331; x_wconf 88' lang='lat' dir='ltr'>J</span> <span class='ocrx_word' id='word_1_40' title='bbox 804 1285 956 1333; x_wconf 90' lang='lat' dir='ltr'>oannem</span> <span class='ocrx_word' id='word_1_41' title='bbox 976 1263 1020 1334; x_wconf 90' lang='lat' dir='ltr'>de</span> <span class='ocrx_word' id='word_1_42' title='bbox 1039 1261 1173 1336; x_wconf 87' lang='lat' dir='ltr'>Sancto</span> 
     </span>
     <span class='ocr_line' id='line_1_7' title="bbox 219 1373 1175 1462; baseline 0.003 -17"><span class='ocrx_word' id='word_1_43' title='bbox 219 1375 349 1458; x_wconf 83' lang='lat' dir='ltr'>Paulo,</span> <span class='ocrx_word' id='word_1_44' title='bbox 386 1374 602 1448; x_wconf 86' lang='lat' dir='ltr'>Michaelem</span> <span class='ocrx_word' id='word_1_45' title='bbox 646 1375 690 1447; x_wconf 91' lang='lat' dir='ltr'>de</span> <span class='ocrx_word' id='word_1_46' title='bbox 725 1373 851 1462; x_wconf 89' lang='lat' dir='ltr'>Wath,</span> <span class='ocrx_word' id='word_1_47' title='bbox 887 1375 1091 1448; x_wconf 89' lang='lat' dir='ltr'>Henricum</span> <span class='ocrx_word' id='word_1_48' title='bbox 1131 1377 1175 1448; x_wconf 91' lang='lat' dir='ltr'>de</span> 
     </span>
     <span class='ocr_line' id='line_1_8' title="bbox 221 1489 1175 1565; baseline 0.001 -2"><span class='ocrx_word' id='word_1_49' title='bbox 221 1489 423 1564; x_wconf 88' lang='lat' dir='ltr'>Stratforde</span> <span class='ocrx_word' id='word_1_50' title='bbox 445 1500 480 1562; x_wconf 90' lang='lat' dir='ltr'>et</span> <span class='ocrx_word' id='word_1_51' title='bbox 502 1492 546 1563; x_wconf 92' lang='lat' dir='ltr'>de</span> <span class='ocrx_word' id='word_1_52' title='bbox 565 1491 772 1564; x_wconf 87' lang='lat' dir='ltr'>scaochario</span> <span class='ocrx_word' id='word_1_53' title='bbox 790 1492 977 1565; x_wconf 90' lang='lat' dir='ltr'>dominum</span> <span class='ocrx_word' id='word_1_54' title='bbox 994 1491 1175 1565; x_wconf 86' lang='lat' dir='ltr'>Joannem</span> 
     </span>
     <span class='ocr_line' id='line_1_9' title="bbox 215 1597 1174 1705; baseline 0.001 -26"><span class='ocrx_word' id='word_1_55' title='bbox 215 1609 264 1679; x_wconf 91' lang='lat' dir='ltr'>de</span> <span class='ocrx_word' id='word_1_56' title='bbox 289 1607 414 1704; x_wconf 83' lang='lat' dir='ltr'>Thorp</span> <span class='ocrx_word' id='word_1_57' title='bbox 442 1619 479 1680; x_wconf 86' lang='lat' dir='ltr'>et</span> <span class='ocrx_word' id='word_1_58' title='bbox 510 1597 599 1681; x_wconf 89' lang='lat' dir='ltr'>alios</span> <span class='ocrx_word' id='word_1_59' title='bbox 627 1610 860 1705; x_wconf 85' lang='lat' dir='ltr'>quamplures</span> <span class='ocrx_word' id='word_1_60' title='bbox 886 1608 996 1704; x_wconf 89' lang='lat' dir='ltr'>jussit</span> <span class='ocrx_word' id='word_1_61' title='bbox 1025 1607 1174 1682; x_wconf 88' lang='lat' dir='ltr'>diversis</span> 
     </span>
     <span class='ocr_line' id='line_1_10' title="bbox 216 1723 1174 1820; baseline -0.003 -21"><span class='ocrx_word' id='word_1_62' title='bbox 216 1724 422 1799; x_wconf 87' lang='lat' dir='ltr'>carceribus</span> <span class='ocrx_word' id='word_1_63' title='bbox 446 1723 658 1820; x_wconf 89' lang='lat' dir='ltr'>mancipari,</span> <span class='ocrx_word' id='word_1_64' title='bbox 683 1749 750 1797; x_wconf 89' lang='lat' dir='ltr'>nec</span> <span class='ocrx_word' id='word_1_65' title='bbox 774 1749 836 1798; x_wconf 92' lang='lat' dir='ltr'>eos</span> <span class='ocrx_word' id='word_1_66' title='bbox 859 1724 1016 1798; x_wconf 91' lang='lat' dir='ltr'>absolvit</span> <span class='ocrx_word' id='word_1_67' title='bbox 1039 1748 1174 1820; x_wconf 92' lang='lat' dir='ltr'>quous·</span> 
     </span>
     <span class='ocr_line' id='line_1_11' title="bbox 220 1841 1173 1938; baseline -0.001 -26"><span class='ocrx_word' id='word_1_68' title='bbox 220 1865 291 1938; x_wconf 91' lang='lat' dir='ltr'>que</span> <span class='ocrx_word' id='word_1_69' title='bbox 314 1865 379 1914; x_wconf 90' lang='lat' dir='ltr'>sua</span> <span class='ocrx_word' id='word_1_70' title='bbox 402 1841 641 1914; x_wconf 85' lang='lat' dir='ltr'>melancholia</span> <span class='ocrx_word' id='word_1_71' title='bbox 663 1850 840 1937; x_wconf 86' lang='lat' dir='ltr'>concepta</span> <span class='ocrx_word' id='word_1_72' title='bbox 863 1842 907 1912; x_wconf 92' lang='lat' dir='ltr'>de</span> <span class='ocrx_word' id='word_1_73' title='bbox 930 1841 1094 1938; x_wconf 86' lang='lat' dir='ltr'>pecuniae</span> <span class='ocrx_word' id='word_1_74' title='bbox 1112 1841 1173 1912; x_wconf 95' lang='lat' dir='ltr'>de-</span> 
     </span>
     <span class='ocr_line' id='line_1_12' title="bbox 221 1957 1172 2053; baseline 0.001 -24"><span class='ocrx_word' id='word_1_75' title='bbox 221 1957 392 2050; x_wconf 83' lang='lat' dir='ltr'><strong>tentione,</strong></span> <span class='ocrx_word' id='word_1_76' title='bbox 420 1982 530 2053; x_wconf 92' lang='lat' dir='ltr'>quam</span> <span class='ocrx_word' id='word_1_77' title='bbox 565 1957 611 2030; x_wconf 91' lang='lat' dir='ltr'>ad</span> <span class='ocrx_word' id='word_1_78' title='bbox 645 1957 870 2030; x_wconf 86' lang='lat' dir='ltr'>obsidionem</span> <span class='ocrx_word' id='word_1_79' title='bbox 902 1957 1172 2031; x_wconf 88' lang='lat' dir='ltr'>Tornaoensem</span> 
     </span>
     <span class='ocr_line' id='line_1_13' title="bbox 215 2073 1172 2160; baseline 0.004 -16"><span class='ocrx_word' id='word_1_80' title='bbox 215 2075 419 2147; x_wconf 87' lang='lat' dir='ltr'>debuerant</span> <span class='ocrx_word' id='word_1_81' title='bbox 448 2074 601 2160; x_wconf 87' lang='lat' dir='ltr'>misisse,</span> <span class='ocrx_word' id='word_1_82' title='bbox 629 2073 745 2147; x_wconf 87' lang='lat' dir='ltr'>suerat</span> <span class='ocrx_word' id='word_1_83' title='bbox 776 2076 911 2148; x_wconf 89' lang='lat' dir='ltr'>sedata.</span> <span class='ocrx_word' id='word_1_84' title='bbox 963 2074 1048 2148; x_wconf 93' lang='lat' dir='ltr'>Hoc</span> <span class='ocrx_word' id='word_1_85' title='bbox 1075 2099 1172 2148; x_wconf 89' lang='lat' dir='ltr'>anno</span> 
     </span>
     <span class='ocr_line' id='line_1_14' title="bbox 220 2188 1186 2286; baseline 0.001 -23"><span class='ocrx_word' id='word_1_86' title='bbox 220 2191 315 2263; x_wconf 89' lang='lat' dir='ltr'>circa</span> <span class='ocrx_word' id='word_1_87' title='bbox 331 2188 573 2264; x_wconf 85' lang='lat' dir='ltr'>Nativitatem</span> <span class='ocrx_word' id='word_1_88' title='bbox 589 2189 751 2276; x_wconf 87' lang='lat' dir='ltr'>Domini,</span> <span class='ocrx_word' id='word_1_89' title='bbox 771 2190 955 2263; x_wconf 90' lang='lat' dir='ltr'>Henricus</span> <span class='ocrx_word' id='word_1_90' title='bbox 978 2193 1186 2286; x_wconf 26' lang='lat' dir='ltr'>episcopus*</span> 
     </span>
     <span class='ocr_line' id='line_1_15' title="bbox 220 2305 1172 2403; baseline 0 -25"><span class='ocrx_word' id='word_1_91' title='bbox 220 2305 484 2379; x_wconf 81' lang='lat' dir='ltr'>lincolniensis</span> <span class='ocrx_word' id='word_1_92' title='bbox 521 2315 559 2377; x_wconf 92' lang='lat' dir='ltr'>et</span> <span class='ocrx_word' id='word_1_93' title='bbox 593 2305 761 2377; x_wconf 89' lang='lat' dir='ltr'>dominus</span> <span class='ocrx_word' id='word_1_94' title='bbox 797 2305 982 2378; x_wconf 87' lang='lat' dir='ltr'>Galsridus</span> <span class='ocrx_word' id='word_1_95' title='bbox 1018 2305 1172 2403; x_wconf 88' lang='lat' dir='ltr'>Scroup,</span> 
     </span>
    </p>

    <p class='ocr_par' dir='ltr' id='par_1_3' title="bbox 138 2419 1174 2610">
     <span class='ocr_line' id='line_1_16' title="bbox 138 2419 1174 2517; baseline -0.002 -23"><span class='ocrx_word' id='word_1_96' title='bbox 138 2459 146 2474; x_wconf 93' lang='lat'><strong>·</strong></span> <span class='ocrx_word' id='word_1_97' title='bbox 216 2421 452 2517; x_wconf 84' lang='lat' dir='ltr'>justiciarius,</span> <span class='ocrx_word' id='word_1_98' title='bbox 497 2421 590 2514; x_wconf 80' lang='lat' dir='ltr'>regis</span> <span class='ocrx_word' id='word_1_99' title='bbox 633 2420 850 2516; x_wconf 86' lang='lat' dir='ltr'>principales</span> <span class='ocrx_word' id='word_1_100' title='bbox 890 2419 1099 2506; x_wconf 76' lang='lat' dir='ltr'>consiliarii,</span> <span class='ocrx_word' id='word_1_101' title='bbox 1136 2420 1174 2492; x_wconf 92' lang='lat' dir='ltr'>in</span> 
     </span>
     <span class='ocr_line' id='line_1_17' title="bbox 220 2535 595 2610; baseline -0.008 0"><span class='ocrx_word' id='word_1_102' title='bbox 220 2537 400 2610; x_wconf 89' lang='lat' dir='ltr'>Gandavo</span> <span class='ocrx_word' id='word_1_103' title='bbox 417 2535 595 2608; x_wconf 91' lang='lat' dir='ltr'>obierunt.</span> 
     </span>
    </p>

    <p class='ocr_par' dir='ltr' id='par_1_4' title="bbox 218 2651 1201 4367">
     <span class='ocr_line' id='line_1_18' title="bbox 272 2651 1175 2748; baseline -0.002 -23"><span class='ocrx_word' id='word_1_104' title='bbox 272 2651 419 2725; x_wconf 89' lang='lat' dir='ltr'>ANNO</span> <span class='ocrx_word' id='word_1_105' title='bbox 436 2652 587 2726; x_wconf 88' lang='lat' dir='ltr'>Domini</span> <span class='ocrx_word' id='word_1_106' title='bbox 608 2651 716 2739; x_wconf 81' lang='lat'>1341,</span> <span class='ocrx_word' id='word_1_107' title='bbox 735 2653 838 2748; x_wconf 84' lang='lat' dir='ltr'>regni</span> <span class='ocrx_word' id='word_1_108' title='bbox 854 2675 941 2725; x_wconf 88' lang='lat' dir='ltr'>vero</span> <span class='ocrx_word' id='word_1_109' title='bbox 959 2652 1016 2724; x_wconf 91' lang='lat' dir='ltr'>sui</span> <span class='ocrx_word' id='word_1_110' title='bbox 1032 2652 1175 2747; x_wconf 86' lang='lat' dir='ltr'>Angliae</span> 
     </span>
     <span class='ocr_line' id='line_1_19' title="bbox 220 2766 1175 2867; baseline -0.005 -24"><span class='ocrx_word' id='word_1_111' title='bbox 220 2769 504 2867; x_wconf 90' lang='lat' dir='ltr'>quintodecimo,</span> <span class='ocrx_word' id='word_1_112' title='bbox 545 2792 609 2841; x_wconf 87' lang='lat' dir='ltr'>rex</span> <span class='ocrx_word' id='word_1_113' title='bbox 644 2767 837 2841; x_wconf 90' lang='lat' dir='ltr'>celebravit</span> <span class='ocrx_word' id='word_1_114' title='bbox 872 2767 1010 2840; x_wconf 87' lang='lat' dir='ltr'>Christi</span> <span class='ocrx_word' id='word_1_115' title='bbox 1043 2766 1175 2839; x_wconf 87' lang='lat' dir='ltr'>Natale</span> 
     </span>
     <span class='ocr_line' id='line_1_20' title="bbox 218 2881 1175 2983; baseline -0.003 -25"><span class='ocrx_word' id='word_1_116' title='bbox 218 2888 319 2983; x_wconf 92' lang='lat' dir='ltr'>apud</span> <span class='ocrx_word' id='word_1_117' title='bbox 354 2884 601 2972; x_wconf 83' lang='lat' dir='ltr'>Guildeforde,</span> <span class='ocrx_word' id='word_1_118' title='bbox 638 2895 675 2957; x_wconf 91' lang='lat' dir='ltr'>et</span> <span class='ocrx_word' id='word_1_119' title='bbox 716 2893 843 2981; x_wconf 88' lang='lat' dir='ltr'>postea</span> <span class='ocrx_word' id='word_1_120' title='bbox 880 2883 980 2980; x_wconf 92' lang='lat' dir='ltr'>apud</span> <span class='ocrx_word' id='word_1_121' title='bbox 1012 2881 1175 2978; x_wconf 82' lang='lat' dir='ltr'>Redinge</span> 
     </span>
     <span class='ocr_line' id='line_1_21' title="bbox 221 2999 1174 3085; baseline -0.003 -11"><span class='ocrx_word' id='word_1_122' title='bbox 221 3001 478 3074; x_wconf 88' lang='lat' dir='ltr'>hastiludiavit.</span> <span class='ocrx_word' id='word_1_123' title='bbox 550 3001 644 3073; x_wconf 91' lang='lat' dir='ltr'>Item</span> <span class='ocrx_word' id='word_1_124' title='bbox 687 3001 725 3072; x_wconf 91' lang='lat' dir='ltr'>in</span> <span class='ocrx_word' id='word_1_125' title='bbox 767 3001 859 3074; x_wconf 83' lang='lat' dir='ltr'>festo</span> <span class='ocrx_word' id='word_1_126' title='bbox 894 2999 1174 3085; x_wconf 86' lang='lat' dir='ltr'>Purificationis,</span> 
     </span>
     <span class='ocr_line' id='line_1_22' title="bbox 222 3115 1174 3220; baseline -0.003 -30"><span class='ocrx_word' id='word_1_127' title='bbox 222 3119 319 3214; x_wconf 89' lang='lat' dir='ltr'>apud</span> <span class='ocrx_word' id='word_1_128' title='bbox 352 3117 545 3214; x_wconf 83' lang='lat' dir='ltr'>Langeley,</span> <span class='ocrx_word' id='word_1_129' title='bbox 583 3141 781 3214; x_wconf 86' lang='lat' dir='ltr'>puerorum</span> <span class='ocrx_word' id='word_1_130' title='bbox 814 3125 964 3220; x_wconf 88' lang='lat' dir='ltr'>propter</span> <span class='ocrx_word' id='word_1_131' title='bbox 997 3115 1174 3188; x_wconf 88' lang='lat' dir='ltr'>honorem</span> 
     </span>
     <span class='ocr_line' id='line_1_23' title="bbox 223 3232 1174 3329; baseline -0.002 -23"><span class='ocrx_word' id='word_1_132' title='bbox 223 3234 399 3308; x_wconf 89' lang='lat' dir='ltr'>nobilium</span> <span class='ocrx_word' id='word_1_133' title='bbox 426 3235 470 3307; x_wconf 90' lang='lat' dir='ltr'>de</span> <span class='ocrx_word' id='word_1_134' title='bbox 497 3232 678 3306; x_wconf 88' lang='lat' dir='ltr'>Gasconia</span> <span class='ocrx_word' id='word_1_135' title='bbox 706 3257 796 3329; x_wconf 92' lang='lat' dir='ltr'>quos</span> <span class='ocrx_word' id='word_1_136' title='bbox 824 3233 957 3306; x_wconf 91' lang='lat' dir='ltr'>ibidem</span> <span class='ocrx_word' id='word_1_137' title='bbox 985 3232 1101 3305; x_wconf 87' lang='lat' dir='ltr'>cinxit</span> <span class='ocrx_word' id='word_1_138' title='bbox 1127 3233 1174 3305; x_wconf 94' lang='lat' dir='ltr'>ad</span> 
     </span>
     <span class='ocr_line' id='line_1_24' title="bbox 223 3346 1171 3436; baseline -0.004 -13"><span class='ocrx_word' id='word_1_139' title='bbox 223 3352 386 3423; x_wconf 91' lang='lat' dir='ltr'>ordinem</span> <span class='ocrx_word' id='word_1_140' title='bbox 402 3351 608 3436; x_wconf 87' lang='lat' dir='ltr'>militarem,</span> <span class='ocrx_word' id='word_1_141' title='bbox 632 3350 760 3422; x_wconf 90' lang='lat' dir='ltr'>habuit</span> <span class='ocrx_word' id='word_1_142' title='bbox 783 3348 946 3421; x_wconf 89' lang='lat' dir='ltr'>solennia</span> <span class='ocrx_word' id='word_1_143' title='bbox 966 3346 1171 3421; x_wconf 89' lang='lat' dir='ltr'>hastiludia.</span> 
     </span>
     <span class='ocr_line' id='line_1_25' title="bbox 223 3461 1175 3538; baseline -0.004 -2"><span class='ocrx_word' id='word_1_144' title='bbox 223 3466 316 3538; x_wconf 88' lang='lat' dir='ltr'>Item</span> <span class='ocrx_word' id='word_1_145' title='bbox 345 3465 416 3537; x_wconf 92' lang='lat' dir='ltr'>hoc</span> <span class='ocrx_word' id='word_1_146' title='bbox 448 3488 542 3536; x_wconf 90' lang='lat' dir='ltr'>anno</span> <span class='ocrx_word' id='word_1_147' title='bbox 573 3464 659 3536; x_wconf 88' lang='lat' dir='ltr'>lecit</span> <span class='ocrx_word' id='word_1_148' title='bbox 688 3464 889 3536; x_wconf 85' lang='lat' dir='ltr'>Robertum</span> <span class='ocrx_word' id='word_1_149' title='bbox 924 3463 968 3535; x_wconf 90' lang='lat' dir='ltr'>de</span> <span class='ocrx_word' id='word_1_150' title='bbox 1002 3461 1175 3534; x_wconf 89' lang='lat' dir='ltr'>Boursier</span> 
     </span>
     <span class='ocr_line' id='line_1_26' title="bbox 222 3575 1201 3679; baseline -0.007 -26"><span class='ocrx_word' id='word_1_151' title='bbox 222 3581 376 3653; x_wconf 89' lang='lat' dir='ltr'>militem</span> <span class='ocrx_word' id='word_1_152' title='bbox 398 3579 654 3652; x_wconf 87' lang='lat' dir='ltr'>cancellarium</span> <span class='ocrx_word' id='word_1_153' title='bbox 671 3577 825 3671; x_wconf 85' lang='lat' dir='ltr'>Angliae,</span> <span class='ocrx_word' id='word_1_154' title='bbox 844 3582 881 3647; x_wconf 90' lang='lat' dir='ltr'>et</span> <span class='ocrx_word' id='word_1_155' title='bbox 904 3575 1106 3648; x_wconf 87' lang='lat' dir='ltr'>Robertum</span> <span class='ocrx_word' id='word_1_156' title='bbox 1129 3575 1173 3647; x_wconf 88' lang='lat' dir='ltr'>de</span> <span class='ocrx_word' id='word_1_157' title='bbox 1196 3671 1201 3679; x_wconf 4' lang='grc' dir='ltr'>,Ν</span> 
     </span>
     <span class='ocr_line' id='line_1_27' title="bbox 223 3690 1173 3804; baseline -0.008 -35"><span class='ocrx_word' id='word_1_158' title='bbox 223 3697 433 3794; x_wconf 88' lang='lat' dir='ltr'>Sadyntone</span> <span class='ocrx_word' id='word_1_159' title='bbox 461 3703 497 3767; x_wconf 88' lang='lat' dir='ltr'>et</span> <span class='ocrx_word' id='word_1_160' title='bbox 524 3695 724 3804; x_wconf 52' lang='lat' dir='ltr'>llobertum</span> <span class='ocrx_word' id='word_1_161' title='bbox 752 3693 796 3763; x_wconf 88' lang='lat' dir='ltr'>de</span> <span class='ocrx_word' id='word_1_162' title='bbox 823 3691 1015 3786; x_wconf 89' lang='lat' dir='ltr'>Pernynke</span> <span class='ocrx_word' id='word_1_163' title='bbox 1041 3690 1173 3776; x_wconf 85' lang='lat' dir='ltr'>milites</span> 
     </span>
     <span class='ocr_line' id='line_1_28' title="bbox 222 3805 1171 3890; baseline -0.009 -4"><span class='ocrx_word' id='word_1_164' title='bbox 222 3815 267 3886; x_wconf 96' lang='lat' dir='ltr'>ad</span> <span class='ocrx_word' id='word_1_165' title='bbox 297 3812 457 3885; x_wconf 90' lang='lat' dir='ltr'>officium</span> <span class='ocrx_word' id='word_1_166' title='bbox 480 3809 719 3890; x_wconf 84' lang='lat' dir='ltr'>thesaurariae</span> <span class='ocrx_word' id='word_1_167' title='bbox 746 3805 949 3881; x_wconf 87' lang='lat' dir='ltr'>successive</span> <span class='ocrx_word' id='word_1_168' title='bbox 979 3805 1171 3879; x_wconf 86' lang='lat' dir='ltr'>ordinavit.</span> 
     </span>
     <span class='ocr_line' id='line_1_29' title="bbox 221 3922 1173 4023; baseline -0.013 -22"><span class='ocrx_word' id='word_1_169' title='bbox 221 3928 354 4001; x_wconf 87' lang='lat' dir='ltr'>Emisit</span> <span class='ocrx_word' id='word_1_170' title='bbox 380 3927 489 3999; x_wconf 89' lang='lat' dir='ltr'>etiam</span> <span class='ocrx_word' id='word_1_171' title='bbox 512 3925 746 4023; x_wconf 88' lang='lat' dir='ltr'>justiciarios,</span> <span class='ocrx_word' id='word_1_172' title='bbox 774 3922 899 4018; x_wconf 93' lang='lat' dir='ltr'>quiin</span> <span class='ocrx_word' id='word_1_173' title='bbox 926 3923 1088 4018; x_wconf 91' lang='lat' dir='ltr'>quolibet</span> <span class='ocrx_word' id='word_1_174' title='bbox 1113 3941 1173 3991; x_wconf 86' lang='lat' dir='ltr'>co-</span> 
     </span>
     <span class='ocr_line' id='line_1_30' title="bbox 222 4035 1172 4138; baseline -0.017 -21"><span class='ocrx_word' id='word_1_175' title='bbox 222 4047 353 4118; x_wconf 87' lang='lat' dir='ltr'>mitatu</span> <span class='ocrx_word' id='word_1_176' title='bbox 377 4043 543 4116; x_wconf 89' lang='lat' dir='ltr'>sederent</span> <span class='ocrx_word' id='word_1_177' title='bbox 566 4051 603 4116; x_wconf 90' lang='lat' dir='ltr'>et</span> <span class='ocrx_word' id='word_1_178' title='bbox 626 4041 847 4138; x_wconf 87' lang='lat' dir='ltr'>inquirerent</span> <span class='ocrx_word' id='word_1_179' title='bbox 871 4062 981 4135; x_wconf 91' lang='lat' dir='ltr'>super</span> <span class='ocrx_word' id='word_1_180' title='bbox 1003 4035 1172 4108; x_wconf 89' lang='lat' dir='ltr'>collecto-</span> 
     </span>
     <span class='ocr_line' id='line_1_31' title="bbox 222 4149 1173 4254; baseline -0.017 -20"><span class='ocrx_word' id='word_1_181' title='bbox 222 4163 322 4234; x_wconf 88' lang='lat' dir='ltr'>ribus</span> <span class='ocrx_word' id='word_1_182' title='bbox 350 4161 583 4246; x_wconf 88' lang='lat' dir='ltr'>decimarum,</span> <span class='ocrx_word' id='word_1_183' title='bbox 612 4168 647 4231; x_wconf 87' lang='lat' dir='ltr'>et</span> <span class='ocrx_word' id='word_1_184' title='bbox 676 4155 987 4254; x_wconf 81' lang='lat' dir='ltr'>quindecimamm</span> <span class='ocrx_word' id='word_1_185' title='bbox 1013 4158 1048 4222; x_wconf 83' lang='lat' dir='ltr'>et</span> <span class='ocrx_word' id='word_1_186' title='bbox 1074 4149 1173 4219; x_wconf 89' lang='lat' dir='ltr'>lana-</span> 
     </span>
     <span class='ocr_line' id='line_1_32' title="bbox 221 4263 1175 4367; baseline -0.016 -17"><span class='ocrx_word' id='word_1_187' title='bbox 221 4303 317 4364; x_wconf 88' lang='lat' dir='ltr'>rum,</span> <span class='ocrx_word' id='word_1_188' title='bbox 337 4286 372 4350; x_wconf 88' lang='lat' dir='ltr'>et</span> <span class='ocrx_word' id='word_1_189' title='bbox 398 4275 572 4356; x_wconf 88' lang='lat' dir='ltr'>ministris</span> <span class='ocrx_word' id='word_1_190' title='bbox 599 4275 678 4346; x_wconf 92' lang='lat' dir='ltr'>aliis</span> <span class='ocrx_word' id='word_1_191' title='bbox 704 4272 1006 4367; x_wconf 83' lang='lat' dir='ltr'>quibuscumque,</span> <span class='ocrx_word' id='word_1_192' title='bbox 1026 4272 1064 4338; x_wconf 90' lang='lat' dir='ltr'>et</span> <span class='ocrx_word' id='word_1_193' title='bbox 1089 4263 1175 4360; x_wconf 88' lang='lat' dir='ltr'>quia</span> 
     </span>
    </p>
   </div>
   <div class='ocr_carea' id='block_1_3' title="bbox 0 0 1565 5008">
    <p class='ocr_par' dir='ltr' id='par_1_5' title="bbox 0 0 1565 5008">
     <span class='ocr_line' id='line_1_33' title="bbox 0 0 1565 5008; baseline 0 0"><span class='ocrx_word' id='word_1_194' title='bbox 0 0 1565 5008; x_wconf 95' lang='lat' dir='ltr'> </span> 
     </span>
    </p>
   </div>
  </div>
 </body>
</html>
