3118 5008
381 587 450 666 120
555 639 559 648 ·
606 606 862 664 *cnnouroou
880 613 1066 664 narrum-1
1103 589 1331 682 [n.n.'1333.

374 777 500 833 secum
517 782 663 831 manere
679 759 726 830 ad
743 757 947 830 custodiam
956 757 1072 830 totius
1083 759 1189 854 regni
1203 758 1334 833 Scoto-

375 901 470 964 rum,
489 877 553 949 sed
576 881 612 947 et
634 876 711 972 ipse
734 875 772 946 in
789 874 963 970 Angliam
989 898 1167 964 reversus
1186 877 1233 949 ad
1251 879 1335 950 loca

271 1065 280 1082 ,
375 993 507 1066 'devota
525 993 750 1089 peregrinus,
766 989 848 1063 Deo
868 991 993 1063 laudes
1015 990 1155 1064 debitas
1178 992 1334 1067 devotus

373 1110 541 1184 exsolvit.
609 1109 750 1182 Eodem
783 1130 880 1179 anno
915 1107 1013 1180 circa
1045 1107 1181 1180 festum
1216 1111 1334 1183 sancti

371 1223 511 1298 Calixti
529 1247 649 1322 papae,
672 1223 815 1297 vacavit
841 1223 993 1296 ecclesia
1021 1221 1228 1296 Cautuariae
1255 1249 1332 1298 ma·-

372 1343 479 1440 ⁴gistri
515 1341 676 1415 Simonis
710 1338 899 1436 Mepham,
935 1340 995 1412 cui
1030 1340 1076 1412 ad
1116 1341 1332 1436 petitionem

372 1460 481 1557 regis,
512 1482 607 1557 papa
640 1457 799 1556 providit
829 1456 873 1529 de
903 1456 1079 1552 magistro
1109 1456 1252 1531 Joanne
1287 1460 1332 1532 de

249 1673 252 1678 Ι
374 1572 577 1650 'Stretforde
594 1575 766 1671 episcopo
784 1571 995 1646 Wintoniae.

425 1695 574 1769 ANNO
602 1695 752 1768 Domini
783 1697 891 1782 1333,
919 1695 1013 1790 regis
1043 1715 1130 1769 vero
1161 1696 1329 1793 septimo,

371 1813 545 1885 ‘domiuus
558 1811 757 1884 Edwardus
775 1811 819 1883 de
837 1809 955 1883 Baliol
973 1835 1036 1884 rex
1054 1809 1198 1900 Scotiae,
1213 1813 1332 1885 tenuit

371 1927 655 2024 parliamentum
689 1927 727 1998 in
759 1927 939 2024 Galewey‚
971 1927 1045 2001 cito
1077 1937 1163 2024 post
1195 1927 1331 2001 festum

370 2043 492 2116 sancti
526 2042 730 2129 Michaelis,
765 2044 811 2116 ad
845 2044 944 2140 quod
977 2052 1157 2117 venerunt
1190 2045 1331 2118 nobiles

376 2162 477 2258 regni
498 2160 651 2257 Angliae,
670 2168 783 2234 terras
809 2170 845 2234 et
871 2162 1118 2259 possessiones
1144 2162 1183 2235 in
1206 2161 1330 2236 Scotia

374 2277 620 2366 vendicantes
640 2287 677 2351 et
694 2279 739 2351 ab
758 2277 843 2352 inde
859 2277 1011 2375 pacifice
1028 2279 1067 2350 in
1084 2303 1193 2352 suum
1209 2281 1330 2352 natale

376 2394 496 2467 solum
522 2393 805 2467 revertebantur.
857 2393 997 2466 Eodem
1023 2419 1118 2469 anno
1145 2420 1210 2468 rex
1235 2398 1328 2470 cele-

250 2504 255 2511 ’
375 2513 493 2587 bravit
510 2512 644 2586 festum
660 2511 873 2585 Nativ'itatis
888 2509 1026 2584 Christi
1043 2513 1141 2608 apud
1151 2513 1328 2611 Walling-

367 2627 488 2716 *sorde
507 2613 592 2701 cum
610 2628 735 2723 regina
755 2634 976 2724 praegnante,
996 2652 1076 2722 quae
1093 2630 1329 2725 postmodum

375 2748 473 2844 apud
486 2745 710 2820 Wodestoke
724 2745 865 2841 peperit
877 2745 990 2816 filiam
1007 2768 1112 2817 suam
1124 2745 1327 2820 Isabellam.

375 2863 455 2937 Rex
482 2888 569 2937 vero
596 2863 779 2959 profectus
807 2861 1026 2948 Eboracum,
1049 2863 1172 2936 tenuit
1198 2850 1329 2958 parlia-

375 2988 553 3064 mentum,
589 2978 646 3050 die
683 2978 778 3049 lunae
822 2977 861 3048 in
899 2975 1060 3048 secunda
1101 2977 1330 3070 hebdomada

267 3131 272 3146 κ
369 3093 673 3188 'Quadragesimae
690 3092 916 3180 inchoatum,
935 3092 981 3164 ad
998 3094 1097 3189 quod
1114 3118 1178 3166 rex
1196 3093 1329 3168 Scotiae

366 3217 606 3307 conquestor,
637 3210 722 3281 licet
753 3209 927 3282 invitatus
962 3233 1038 3282 non
1072 3211 1235 3298 accessit,
1265 3214 1330 3285 sed

375 3328 475 3400 misit
504 3350 571 3422 pro
602 3326 681 3422 ipso
713 3336 943 3400 excusatores
978 3328 1157 3416 solennes,
1189 3329 1329 3404 scilicet

370 3444 578 3518 ¹Henricum
608 3445 652 3516 de
677 3442 782 3517 Bello
811 3455 936 3518 monte
966 3455 1003 3518 et
1029 3445 1257 3518 Willelmum
1283 3447 1329 3520 de

376 3563 506 3635 Monte
524 3571 632 3636 acuto
645 3561 810 3648 comites,
825 3572 862 3634 et
879 3563 1057 3658 quosdam
1073 3563 1162 3635 alios
1173 3562 1328 3637 barones

362 3689 413 3753 et
430 3678 574 3766 milites,
593 3681 656 3776 qui
673 3679 983 3774 nuntiarunt-regi
1000 3675 1220 3753 Edwardum
1235 3705 1327 3777 prae-

375 3797 516 3871 dictum
534 3794 665 3869 Scotiae
680 3805 977 3893 conquestorem,
997 3820 1072 3868 non
1097 3796 1175 3869 sine
1200 3797 1329 3892 grandi

374 3915 536 4013 periculo
557 3921 666 4009 atque
689 3913 893 3986 resistentia
916 3922 1043 3986 contra
1061 3911 1190 3986 Scotos
1214 3914 1252 3984 in
1272 3915 1327 3985 in-

375 4033 464 4106 sulis
486 4031 683 4116 latitantes
708 4029 755 4101 ad
782 4030 859 4126 ejus
882 4030 1114 4127 praesentiam
1138 4045 1246 4125 posse
1269 4055 1327 4103 ac-

361 4151 512 4224 cedere.
565 4147 740 4221 Attamen
774 4147 818 4220 ad
854 4169 1008 4244 sequens
1043 4145 1178 4218 festum
1212 4148 1328 4220 sancti

364 4266 538 4356 ‘Joannis
559 4291 622 4340 rex
645 4265 810 4362 praedicti
834 4264 1084 4361 conquestoris
1108 4265 1245 4360 recepit
1262 4265 1327 4337 ho-
