3118 5008
346 588 414 658 138
593 605 816 658 cusourcou
837 607 1021 657 conmuni
1080 587 1172 677 [Nau
1186 585 1293 662 1339.

340 739 437 812 tibus
455 746 492 810 et
508 736 669 810 ecclesiis
693 745 729 809 et
753 737 892 823 castris,
912 736 1182 825 destruxerunt,
1200 737 1293 834 sugi-

341 855 485 929 entibus
520 853 649 926 incolis
683 876 758 948 prae
793 841 935 926 timore
1005 851 1207 948 Nunquam
1240 852 1294 927 sic

340 969 525 1042 itineranti
560 992 670 1042 ausus
705 977 760 1042 est
795 968 924 1064 aliquis
955 968 1084 1041 obvius
1113 969 1292 1058 resistere,

341 1087 506 1215 quamvis
531 1086 610 1182 ipse
635 1095 811 1183 tyrannus
834 1085 1057 1158 Francorum
1081 1109 1167 1157 oum
1192 1111 1292 1182 mag-

340 1201 397 1274 nis
436 1201 653 1274 exercitibus
687 1201 781 1275 iufra
814 1201 980 1274 civitates
1014 1209 1173 1274 muratas
1206 1226 1292 1276 suos

340 1327 604 1414 congregasset,
640 1319 719 1414 ipso
753 1319 791 1390 in
824 1318 911 1390 villa
939 1316 1022 1391 fort
997 1317 1137 1391 tissima
1168 1316 1292 1391 Sancti

342 1433 511 1518 Quintini
532 1435 710 1523 latitante,
737 1458 804 1507 neo
829 1457 1005 1529 umquam
1022 1442 1166 1521 terram,
1186 1458 1292 1530 quam

341 1551 433 1625 dixit
455 1575 534 1625 esse
558 1576 673 1638 suam,
693 1560 795 1626 extre
817 1575 941 1624 muros
968 1550 1093 1623 civitat
1078 1560 1158 1623 tum
1183 1551 1292 1622 aude-

340 1668 403 1740 bat
421 1667 611 1740 defendere
635 1691 704 1739 con
706 1675 762 1738 tra
783 1691 904 1761 regem
922 1665 1109 1760 Angliae‚
1100 1690 1139 1736 m
1162 1689 1292 1761 campo

341 1781 516 1854 exercitui
550 1805 617 1852 suo
651 1781 915 1875 praesidentem
967 1781 1165 1878 Propterea
1198 1782 1292 1855 inter

342 1897 429 1970 alias
455 1896 709 1992 blasphemias
729 1921 817 1992 quas
840 1898 1032 1970 universus
1055 1898 1247 1970 mundus
1238 1923 1292 1971 111-

342 2012 467 2084 tulitt
452 2020 618 2107 t‚yrann0
638 2012 785 2108 quidam
810 2013 878 2086 hos
903 2037 1031 2085 versus
1058 2013 1096 2084 in
1122 2013 1293 2096 schedula

343 2127 481 2258 sagittae
505 2128 697 2222 alligatas
688 2153 727 2201 ιιι
752 2129 876 2202 villam
902 2130 1019 2202 sancti
1042 2127 1212 2211 Quintini
1237 2153 1292 2200 sa-

343 2243 378 2338 gi
380 2243 507 2318 ttavit:

395 2359 433 2433 Si
450 2361 581 2449 valeas,
600 2369 736 2458 pateas,
754 2360 904 2459 Valoys,
923 2363 1065 2435 dimitte
1083 2343 1262 2448 timorem,

394 2477 482 2550 Non
494 2481 606 2552 lateas
607 2487 694 2575 ,pat
694 2503 766 2566 eas,
781 2502 941 2566 maneae,
954 2479 1291 2575 ostendevrgorem

394 2594 478 2668 Flos
492 2619 542 2683 es,
558 2621 639 2669 rore
656 2620 756 2669 cares
760 2597 921 2692 ‚campis
939 2597 1132 2670 marcescis
1149 2604 1185 2668 et
1202 2617 1291 2682 ares,

395 2711 506 2786 Mane
527 2714 647 2788 techel
667 2715 820 2810 phares;
848 2716 951 2810 lepus
973 2722 1011 2786 et
1031 2715 1120 2810 lynx
1142 2737 1217 2785 non
1236 2715 1295 2786 leo

443 2854 560 2925 pares.

310 2967 312 2978 “
346 2944 478 3029 Quoad
503 2970 637 3019 nomen
662 2945 852 3042 proprium
878 2943 963 3040 quia
987 2945 1141 3018 vocabat
1126 2953 1186 3018 tur
1211 2942 1295 3016 Phi-

344 3062 465 3158 lippus
492 3062 536 3134 de
559 3062 718 3150 Valesio,
746 3062 837 3135 alius
863 3063 921 3134 vel
947 3062 1041 3162 idern
1068 3062 1121 3134 sie
1146 3061 1297 3134 metrifi-

345 3177 451 3250 cavit.

395 3291 641 3368 Phinotafoet
626 3292 715 3368 toris
718 3292 863 3388 ,lippus
876 3302 983 3367 nocet
968 3294 1166 3367 tomnibus
1182 3292 1295 3378 horis,

321 3389 324 3398 ’
395 3407 464 3479 Phi
493 3416 650 3481 nocete
652 3409 840 3505 tlippus;
876 3417 984 3481 nocet
1011 3410 1181 3482 omnibus
1209 3432 1296 3504 ergo

447 3522 648 3619 Philippus.

346 3636 544 3733 Quumque
568 3639 782 3713 Brabantini
804 3649 954 3739 propter
977 3640 1158 3713 desectum
1178 3639 1296 3711 victu-

346 3754 457 3826 alium
475 3763 512 3826 et
529 3755 752 3830 imminentis
769 3758 899 3831 hiemis
916 3757 1049 3854 asperit
1035 3765 1158 3838 t,atem
1174 3753 1297 3847 dispo-

346 3870 504 3944 suissent
537 3871 664 3959 redire,
697 3882 804 3968 atque
838 3871 1035 3948 fuissent
1026 3895 1065 3942 m
1097 3868 1296 3958 redeundo,

346 3997 521 4084 tyrannus
544 3986 767 4060 Francorum
791 3990 862 4063 hoc
886 3989 1088 4072 advertens
1115 3984 1231 4057 movit
1257 4008 1296 4058 se

344 4127 471 4177 versus
499 4103 700 4177 exercitum
723 4105 817 4200 regis
838 4103 991 4200 Angnae,
1016 4103 1079 4198 qui
1106 4103 1227 4200 ipsum
1253 4101 1297 4172 li-

344 4220 431 4296 bent
416 4231 471 4296 ter
488 4227 695 4318 expectans,
715 4221 898 4296 revocavit
918 4219 1171 4295 Brabantinos.
1223 4217 1294 4292 Ac-
